4552 6210
311 345 373 406 310
637 339 777 396 Rumon
794 337 1052 395 EPISTULARUM
1073 337 1182 393 LIBER
1199 337 1221 402 I,
1243 337 1336 393 XVIII
1352 338 1399 407 §2
1415 367 1449 379 -
1467 338 1560 394 XVIII
1577 339 1631 407 55.

184 510 218 583 (l
258 515 278 577 2
310 512 427 599 quibus
451 515 542 580 salve
563 514 740 601 plurimum
762 513 835 580 dieo
858 517 905 594 ct,
933 521 971 578 ιιι
992 512 1154 601 propositi
1175 512 1223 576 tui
1250 533 1382 599 semper
1407 512 1645 592 reminiscaris,
1676 512 1849 581 edmoneo.
1893 535 1956 581 nec

308 617 451 683 animum
481 623 572 683 tuum
594 619 659 683 iam
682 617 745 683 deo
768 617 913 682 dicatum
935 624 992 682 eut
1015 639 1035 682 a
1057 623 1173 702 coepto
1196 616 1314 680 itinere
1336 615 1487 681 blandior
1509 616 1597 681 visus
1620 624 1738 683 evocat
1760 625 1818 682 aut
1839 617 1956 683 modu-

307 720 402 785 latior
431 727 615 807 eorrumpat
642 721 772 786 auditus
798 728 857 786 eut
883 720 1009 786 dulcior
1036 726 1152 805 gustus
1183 719 1308 784 inficiat
1337 725 1394 784 aut
1420 719 1550 784 mollior
1580 720 1737 786 sollicitat
1762 726 1870 786 taetus
1898 727 1958 787 aut

307 825 439 890 suavior
465 824 620 890 odoratus
653 825 791 906 inliciat,
826 830 862 889 ut
887 844 948 910 per
973 824 1135 889 fenestras
1163 824 1308 909 corporis
1342 844 1430 888 mors
1466 823 1699 888 intromittatur
1727 823 1769 888 ad
1802 825 1954 889 animem.

256 926 275 988 3
307 927 367 992 sed
390 947 496 1013 neque
519 928 637 993 stivam
660 934 786 1007 tenens,
810 934 924 993 contra
946 927 1067 992 domini
1091 927 1288 993 sententiam
1312 933 1398 991 retro
1422 927 1590 1013 respicias,
1612 934 1651 991 ut
1669 927 1830 995 directum
1846 929 1955 995 lineae
1997 942 2010 980 ⁵

308 1031 417 1096 sulcus
440 1032 582 1095 amittet:
607 1032 684 1116 quin
706 1033 815 1118 potius
830 1033 877 1096 ita
890 1033 924 1096 in
940 1053 1026 1113 eum,
1050 1032 1102 1096 cui
1116 1037 1160 1110 te,
1183 1031 1255 1117 ipso
1272 1031 1461 1117 inspirante,
1482 1030 1610 1111 vovisti,
1635 1030 1785 1096 omnibus
1802 1032 1955 1098 sensibus

307 1133 413 1198 inhies
445 1140 479 1199 et
507 1134 603 1199 corde
631 1134 758 1200 defixus
788 1134 980 1213 adhaereas,
1008 1140 1059 1216 ut,
1090 1154 1165 1199 cum
1192 1138 1226 1199 te
1254 1134 1307 1198 vel
1336 1156 1402 1199 una
1428 1134 1651 1221 praelatorum
1679 1136 1832 1200 vitiorum
1864 1136 1956 1201 inlex

307 1238 411 1302 forma
437 1240 631 1324 pulsaverit,
663 1237 727 1304 fide
757 1239 849 1303 firma
879 1246 913 1304 et
939 1238 1050 1303 divina
1077 1237 1289 1303 medItatione
1318 1239 1476 1303 munitum
1499 1244 1614 1324 pectus
1638 1237 1728 1304 edire
1751 1260 1818 1303 non
1840 1240 1955 1326 possit.

255 1346 275 1405 4
308 1348 341 1406 st
363 1341 544 1426 quamlibet
566 1343 600 1405 in
622 1342 726 1407 turbis
750 1342 877 1428 positus
906 1363 980 1408 esse
1002 1341 1157 1420 videaris,
1186 1341 1312 1417 intrans
1340 1341 1373 1405 in
1402 1342 1587 1407 enbicnlu'm
1614 1342 1722 1407 cordis
1749 1343 1811 1423 tui,
1842 1345 1955 1409 clauso

308 1445 391 1509 ostio
413 1451 479 1529 tuo,
503 1445 667 1510 dominum
691 1467 785 1511 orare
808 1466 873 1510 non
897 1445 1036 1525 desinas,
1066 1451 1102 1510 ιιι
1124 1444 1180 1530 qui
1202 1443 1349 1510 videtin
1372 1445 1498 1510 occulto
1522 1444 1611 1510 dicat
1632 1445 1703 1527 tibi,
1734 1447 1817 1512 sieut
1839 1453 1954 1512 saneto
1984 1460 2009 1500 ¹⁰

256 1552 275 1611 5
307 1547 414 1634 Moysi
436 1549 628 1613 vociferanti
650 1548 691 1613 ad
715 1570 751 1613 se
774 1569 840 1612 non
856 1569 936 1614 voce
960 1548 1020 1614 sed
1041 1547 1138 1613 corde
1155 1547 1300 1612 dicebat:
1324 1547 1415 1633 quid
1439 1547 1585 1612 clames
1609 1547 1656 1612 ed
1677 1554 1757 1613 me?
1797 1555 1955 1636 stenem,

308 1653 399 1717 utin
422 1653 543 1718 talibus
566 1652 765 1718 orationibus
788 1654 886 1717 etiam
909 1655 973 1718 mei
996 1653 1184 1718 meminisse
1207 1651 1368 1738 digneris,
1399 1657 1433 1715 et
1459 1651 1556 1716 eitius
1577 1658 1610 1715 te
1633 1651 1675 1717 ed
1698 1674 1772 1734 nos,
1803 1654 1955 1718 etiamsi

307 1763 503 1821 nosternon
526 1757 651 1822 reducit
673 1757 822 1839 effeetus,
845 1755 1047 1821 desiderium
1068 1756 1278 1821 dulcissimae
1301 1762 1335 1819 et
1357 1753 1592 1819 saluberrimae
1616 1756 1735 1840 quietis
1758 1755 1911 1821 adducet.

411 2013 445 2067 10
462 2012 564 2068 Macen.
577 2013 625 2079 Vl,
643 2014 667 2068 6.
756 2015 788 2068 11
807 2012 892 2068 Issou.
911 2012 985 2078 xlv,
1004 2014 1045 2070 15.

411 2171 424 2222 1
445 2167 627 2238 reminiscaris]
652 2172 679 2222 ni
696 2189 717 2223 ι.
736 2173 753 2224 l.
775 2171 814 2222 θ’
936 2169 954 2223 4
976 2172 1065 2224 inlicet
1086 2179 1112 2224 et
1128 2189 1174 2240 per
1194 2172 1218 2223 θ
1337 2169 1354 2222 5
1377 2188 1461 2238 neque
1480 2197 1511 2208 -·
1530 2170 1547 2223 6
1564 2170 1678 2239 amittat]
1702 2189 1734 2224 ce·
1757 2172 1869 2239 spituale
1890 2190 1955 2240 queue

308 2255 401 2307 dicitur
414 2256 502 2309 Seueri
513 2258 545 2309 dc
561 2257 650 2308 ultimo
663 2257 756 2309 indiae
768 2275 788 2309 c.
800 2262 818 2308 2
831 2256 881 2322 (cd.
894 2256 977 2308 Halm
984 2256 1100 2324 p.220).·
1117 2274 1150 2309 ne
1168 2275 1273 2308 manum
1290 2266 1375 2310 antro
1392 2259 1507 2309 inserens
1524 2265 1664 2309 retrorsum
1675 2275 1806 2325 'converse
1822 2260 1953 2327 respicias,

307 2360 358 2409 quo
375 2344 464 2409 utique
482 2345 509 2394 in
526 2351 552 2395 te
568 2343 692 2395 redeunte
708 2344 780 2408 vitio,
797 2343 912 2395 ordinem
929 2360 1006 2395 suum
1024 2360 1127 2396 neeesse
1145 2352 1184 2396 est
1201 2344 1290 2397 sulcus
1308 2346 1414 2411 ιιιιῑιιιιι,
1431 2344 1559 2410 aceruum
1576 2344 1955 2411 mammaemammal»,

307 2429 398 2493 Prccf.
417 2431 513 2482 meet
631 2427 665 2480 12
687 2431 801 2498 digneris
821 2431 845 2482 Θ
965 2429 999 2482 13
1015 2428 1111 2498 noster]
1130 2424 1163 2484 nt
1179 2431 1289 2499 (seraper
1304 2451 1354 2499 pro
1372 2430 1469 2495 noster)
1489 2430 1521 2494 0,
1543 2431 1610 2482 inter
1629 2431 1748 2482 Oenides
1833 2430 1954 2499 adducet]

308 2501 398 2568 ιιιῑιῑι,
414 2517 528 2569 noum
546 2517 675 2567 sussen
693 2501 910 2569 nnisnonseu
922 2501 979 2569 ιῖιι
996 2518 1124 2570 suiuus
1141 2518 1203 2568 aue.
1226 2519 1249 2569 u
