4462 6216
939 332 1075 389 arpenn
1094 334 1292 389 CAllMlNUltl

701 510 841 574 intrares
872 508 1105 574 venerantibus
1137 507 1318 593 Sigambris

701 614 779 678 solis
804 614 949 679 moribus
973 615 1058 678 inter
1084 635 1175 678 arma
1198 621 1297 689 tutus,

704 724 739 782 tu
763 719 931 784 Maeotida
953 718 1157 806 Caspiasque
1180 726 1302 805 portas,

701 831 736 887 tu
759 824 855 887 fluxis
879 825 1025 909 equitata
1046 824 1167 889 Bactra
1189 823 1321 889 Parthis

635 940 659 979 ‘2⁵
706 935 859 993 constans
882 928 1128 1014 intrepidusque
1152 928 1199 993 sic
1223 928 1342 1003 adires,

701 1039 737 1095 ut
759 1033 844 1096 fastu
867 1034 976 1119 posito
999 1033 1155 1097 tumentis
1178 1033 1273 1097 aulae

702 1136 755 1221 qui
784 1156 882 1220 supra
909 1143 1058 1222 satrapas
1089 1135 1181 1201 sedet
1210 1144 1367 1221 tyrannus

702 1246 833 1305 ructans
857 1241 1037 1306 semideum
1062 1242 1324 1326 propinquitates

702 1345 848 1410 lunatum
873 1346 932 1410 tibi
955 1348 1104 1411 flecteret
1127 1346 1253 1410 tiaram.

633 1463 671 1501 2’1·
703 1455 749 1527 tu,
774 1450 801 1513 si
823 1449 955 1534 publica
978 1450 1047 1514 fata
1070 1471 1133 1514 non
1158 1456 1317 1523 vetarent,

701 1558 738 1616 ut
759 1551 899 1636 Byrsam
922 1558 1055 1637 peteres
1079 1554 1132 1617 vel
1155 1553 1332 1619 Africanae

703 1657 831 1720 telluris
854 1655 1060 1720 Tanaiticum
1087 1657 1256 1733 rebellem,

703 1759 875 1823 confestim
899 1759 1004 1843 posito
1027 1759 1136 1824 furore
1161 1758 1277 1823 Martis

703 1870 778 1949 post
800 1864 942 1949 piratica
964 1864 1084 1929 damna
1106 1863 1288 1929 destinaret

633 1981 656 2019 2'·
703 1968 818 2052 plenas
841 1967 1006 2033 mercibus
1030 1968 1159 2032 institor
1182 1968 1320 2046 carinas,

704 2079 737 2136 et
759 2093 818 2157 per
840 2078 873 2136 te
897 2071 982 2136 bene
1004 2092 1085 2157 pace
1109 2071 1258 2136 restituta

704 2194 769 2238 non
790 2175 877 2239 ultra
899 2174 978 2238 mihi
1000 2175 1089 2239 bella
1110 2175 1313 2259 navigarent.

750 2276 821 2341 Iam
846 2277 873 2341 si
897 2278 984 2341 seria
1006 2277 1091 2343 forte
1116 2279 1344 2345 terminantem

703 2387 736 2444 te
760 2381 950 2465 spectacula
972 2388 1129 2467 ceperant
1151 2382 1282 2464 theatri,

634 2497 672 2535 ¹2³⁵
704 2481 850 2568 pallebat
874 2483 992 2548 chorus
1015 2485 1119 2549 omnis
1143 2485 1347 2565 histrionum,

702 2594 868 2672 tamquam
897 2587 923 2650 si
951 2587 1148 2654 Arcitenens
1175 2609 1360 2675 novemque
1389 2589 1504 2654 Musae

703 2696 840 2775 propter
862 2690 990 2776 pulpita
1013 2691 1137 2756 iudices
1162 2692 1326 2758 sederent.

702 2815 813 2859 coram
836 2800 868 2860 te
893 2792 1094 2881 Caramallus
1118 2803 1175 2859 aut
1197 2795 1366 2860 Phabaton

705 2898 828 2962 clausis
852 2897 1003 2962 faucibus
1027 2905 1060 2963 et
1083 2899 1237 2984 loquente
1260 2906 1356 2984 gestu

634 3016 645 3054 2
703 3008 794 3081 nutu,
819 3022 924 3080 crure,
949 3022 1047 3087 genu,
1072 3022 1181 3082 manu,
1204 3008 1313 3067 rotatu

703 3112 770 3168 toto
794 3105 826 3168 in
850 3103 1017 3169 schemate
1040 3105 1093 3168 vel
1117 3105 1220 3169 semel
1243 3105 1369 3185 latebit,

703 3209 771 3272 sive
794 3207 932 3273 Aeetias
955 3214 990 3272 et
1013 3228 1092 3272 suus
1116 3207 1214 3271 Iason

703 3311 900 3376 inducuntur
923 3311 969 3376 ibi
991 3312 1145 3397 ferusque
1167 3312 1295 3391 Phasis,

703 3415 758 3502 qui
787 3415 887 3479 iactos
915 3435 1014 3500 super
1040 3436 1117 3478 arva
1147 3413 1271 3480 Colcha
1298 3415 1414 3482 dentes

634 3534 671 3570 ²⁵
704 3518 849 3603 expavit,
876 3518 1051 3583 fruticante
1076 3538 1150 3581 eum
1173 3518 1283 3583 duello

703 3622 803 3706 spicis
827 3621 953 3706 spicula
975 3621 1080 3685 mixta
1102 3621 1313 3698 fluctuarent;

703 3725 772 3788 sive
795 3722 932 3809 prandia
955 3725 1026 3809 quis
1050 3724 1151 3790 refert
1173 3725 1337 3811 Thyestae

704 3850 762 3892 seu
784 3834 921 3903 vestros,
944 3827 1129 3893 Philomela
1152 3837 1255 3909 torva,
1278 3830 1437 3915 planetus,

703 3932 903 4017 discerptum
929 3938 986 3996 aut
1014 3953 1149 4018 puerum
1180 3934 1352 4019 cibumque
1380 3934 1500 3998 factum

633 4054 663 4090 2·
704 4036 834 4100 iamiam
859 4035 1007 4120 coniugis
1031 4037 1264 4101 innocentioris
1273 4061 1280 4112 ;

702 4161 761 4205 seu
784 4145 898 4224 raptus
922 4138 1037 4225 Tyrios
1061 4140 1239 4225 Iovemque
1264 4147 1392 4205 taurum

702 4250 811 4329 spreto
836 4244 970 4308 fulmine
993 4243 1099 4308 fronte
1124 4245 1197 4330 plus
1222 4245 1417 4319 timendum;

703 4370 763 4413 scu
786 4349 884 4438 turris
908 4347 1043 4412 Danaae
1065 4347 1207 4413 refertur
1228 4348 1306 4428 illic,

702 4475 775 4518 cum
798 4453 935 4517 multum
958 4452 1069 4537 pluvio
1093 4453 1199 4538 rigata
1222 4473 1323 4518 censu
1346 4461 1407 4519 est.

634 4570 671 4609 2³»
704 4558 784 4622 dans
808 4558 880 4643 plus
903 4577 1004 4621 aurea
1027 4556 1116 4621 furta
1138 4578 1234 4641 qnam
1259 4558 1407 4625 metalla:

701 4683 759 4725 seu
787 4660 912 4726 Ledam
939 4660 1011 4744 quis
1039 4661 1108 4745 agit
1133 4660 1363 4746 Phrygemque
1394 4663 1558 4748 ephebum

702 4769 818 4851 aptans
842 4764 882 4829 ad
908 4763 1044 4850 cyathos
1067 4765 1146 4829 facit
1168 4763 1308 4829 Tonanti

703 4889 779 4933 sueo
802 4867 945 4932 nectaris
969 4888 1043 4933 esso
1067 4868 1262 4933 dulciorem:

702 4993 759 5035 seu
783 4972 922 5036 Martem
946 4971 1077 5036 simulat
1100 4971 1196 5036 modo
1221 4971 1254 5036 in
1277 4979 1410 5037 catenas

292 5096 696 5107 ——--—---—·-.—-—·-——-..

387 5215 439 5270 246
456 5218 603 5270 venerantis
621 5215 663 5266 P·
783 5212 835 5265 248
856 5215 980 5265 meotidas
1000 5215 1023 5265 t'
1140 5210 1193 5264 ‘249
1215 5216 1298 5281 parcis
1316 5215 1345 5265 F
1462 5212 1514 5264 ‘rot
1538 5213 1576 5281 nt}
1596 5216 1663 5266 ctG
1746 5216 1868 5266 affricano
1891 5214 1942 5266 ΤΡ

283 5304 334 5356 257
352 5305 465 5357 libellam
479 5304 507 5355 F
589 5301 640 5354 258
658 5299 754 5367 martis]
774 5302 835 5354 belli
853 5302 891 5352 Ta
977 5298 1029 5351 264
1047 5301 1205 5368 spectacula
1219 5302 1254 5352 0¹
1342 5300 1395 5353 268
1413 5302 1660 5354 clraranraluscorld.
1748 5301 1799 5351 rob
1816 5302 1899 5352 clausi
1912 5301 1943 5353 F

282 5390 317 5457 et]
335 5391 398 5444 teP
499 5388 548 5441 ‘lll
568 5390 664 5441 latebat
676 5389 715 5441 (1¹⁸
817 5384 870 5438 272
887 5389 969 5439 ethius
986 5388 1036 5439 ΤΡ
1130 5386 1182 5439 273
1200 5389 1246 5439 tibi
1259 5388 1287 5438 1·'
1381 5386 1562 5441 274ιι1νειΤΙ
1664 5386 1716 5438 alf»
1734 5389 1886 5439 fructicante
1900 5388 1936 5439 (1¹

283 5475 335 5528 276
351 5477 458 5545 specula
470 5476 498 5527 F
563 5475 746 5527 tlutuareut'F
844 5471 896 5525 ala
915 5476 1059 5541 philomena
1076 5484 1150 5527 torro
1163 5475 1192 5526 F
1252 5476 1394 5542 plantusP
1495 5474 1544 5526 ‘rel
1567 5484 1653 5541 raptos
1667 5473 1735 5524 UAF
1801 5474 1884 5539 tyrius
1897 5474 1938 5537 0,-

283 5562 335 5613 283
353 5564 419 5615 dane
438 5562 466 5613 F
571 5558 623 5612 284
646 5562 760 5628 pluiot'
826 5578 919 5611 correus
936 5569 976 5612 est
992 5561 1018 5611 P
1120 5560 1172 5613 286
1195 5563 1362 5629 phrigemque
1383 5560 1429 5625 Ob,
1455 5562 1631 5628 phrigiemqno
1653 5561 1699 5623 0⁸,
1728 5561 1895 5626 phirgenrque
1914 5559 1941 5613 P

283 5645 334 5698 282
352 5656 454 5715 scyews
471 5647 501 5699 F
599 5646 651 5699 289
669 5656 776 5701 ruebam
794 5647 823 5698 F
