4462 6216
282 366 344 427 244
929 360 1067 415 SIDONII
1084 360 1283 415 CARMINUM

282 532 399 620 quibus
423 532 517 597 leetis
542 532 664 620 oppido
688 534 800 615 scires,
823 534 886 598 etsi
910 533 1040 619 utrique
1062 539 1209 599 nostrum
1233 533 1409 619 disparatis
1432 554 1538 619 aequo
1561 535 1746 620 plusculum
1769 536 1850 600 locis
1871 536 1937 601 Lar

229 638 249 699 2
280 636 451 701 familiaris
482 637 649 719 incolitur,
683 658 746 701 nou
776 637 898 702 idcireo
926 645 992 702 tarn
1020 637 1114 703 nobis
1145 637 1288 703 animum
1317 636 1479 702 dissidere
1510 659 1607 723 quam
1637 640 1786 726 patriam.
1832 640 1936 705 habes

281 740 380 826 igitur
402 740 454 805 hic
470 740 653 826 Dionysum
678 741 763 805 inter
785 742 940 828 triumphi
955 741 1062 806 Indici
1085 743 1327 807 oblectamenta
1348 748 1563 817 marcentem;
1587 744 1690 809 habes
1706 752 1740 809 et
1754 745 1935 823 Phoebum,

282 864 380 929 quem
403 845 463 909 tibi
486 844 556 910 iure
580 845 708 931 poetico
732 846 925 930 inquilinum
949 846 1073 910 factum
1096 852 1225 910 constat
1248 867 1291 909 ex
1314 847 1462 923 numine,
1494 847 1585 911 illum
1615 848 1740 915 scilicet
1762 849 1935 913 Phoebum

285 949 443 1013 Anthedii
466 951 529 1013 mei
554 951 818 1035 perfamiliarem,
842 951 934 1015 cuius
958 951 1098 1035 collegio
1123 951 1173 1014 vir
1195 950 1381 1036 praefectus
1406 972 1469 1014 non
1493 950 1590 1015 modo
1613 953 1755 1017 musicos
1778 973 1936 1039 quosque,
1975 966 1986 1003 ⁵

281 1073 397 1117 verum
434 1054 532 1118 etiam
569 1060 769 1139 geometras,
809 1053 1033 1118 arithmeticos
1068 1058 1101 1119 et
1135 1054 1319 1138 astrologos
1351 1052 1532 1118 disserendi
1567 1062 1637 1120 arte
1668 1056 1872 1141 supervenit:
1909 1057 1937 1120 si

283 1154 416 1240 quidem
440 1157 565 1221 nullum
589 1156 652 1221 hoc
676 1158 826 1223 exactius
851 1165 1051 1245 compertum
1075 1158 1198 1222 habere
1215 1158 1409 1238 censuerim,
1433 1156 1510 1243 quid
1527 1157 1638 1222 sidera
1653 1158 1777 1223 zodiaci
1794 1159 1937 1244 obliqua,

231 1261 250 1322 3
282 1258 360 1344 quid
383 1260 589 1344 planetarum
612 1281 712 1346 vaga,
744 1262 820 1348 quid
844 1262 964 1327 exotici
989 1283 1103 1349 sparsa
1126 1262 1349 1349 praevaleant.
1395 1283 1469 1326 nam
1494 1262 1540 1326 ita
1562 1261 1626 1341 his,
1654 1268 1691 1326 ut
1714 1263 1761 1326 sie
1786 1262 1936 1341 dixerim,

282 1362 438 1427 membris
462 1363 690 1450 philosophiae
714 1365 825 1445 claret,
850 1372 885 1429 ut
907 1364 1057 1431 videatur
1079 1366 1160 1430 rnihi
1183 1364 1345 1429 Iulianum
1366 1364 1553 1445 Vertacum,
1578 1366 1765 1430 Fullonium
1786 1365 1935 1432 Saturni-

284 1487 377 1543 num,
406 1467 438 1529 in
462 1467 554 1530 libris
578 1469 766 1532 matheseos
795 1470 1013 1555 peritissimos
1044 1470 1247 1548 conditores,
1279 1469 1403 1554 absque
1433 1469 1612 1555 interprete
1642 1470 1775 1554 ingenio
1807 1476 1935 1550 tantum
1964 1485 1988 1523 1⁰

283 1570 484 1654 suffragante
514 1568 680 1635 didicisse.
732 1593 790 1635 nos
822 1574 963 1657 vestigia
1000 1573 1168 1638 doctrinae
1200 1573 1303 1659 ipsius
1335 1572 1510 1637 adorantes
1541 1594 1650 1637 coram
1682 1593 1800 1637 canoro
1833 1596 1937 1660 cygno

283 1694 396 1737 ravum
420 1694 571 1739 anserem
593 1675 793 1759 profitemur.

387 1775 473 1850 Quid
496 1783 529 1841 te
557 1780 698 1864 amplius
729 1786 855 1844 moror?
889 1779 1037 1865 Burgum
1066 1784 1172 1853 tuam,
1204 1799 1266 1862 quo
1297 1779 1367 1844 iure
1397 1780 1536 1844 amioum
1566 1779 1691 1859 decuit,
1724 1801 1831 1845 meam
1862 1780 1937 1853 feci,

283 1879 386 1966 probe
412 1881 520 1945 sciens
544 1882 597 1946 vel
621 1884 791 1947 materiam
817 1884 878 1948 tibi
901 1905 976 1949 esse
1000 1883 1203 1970 placituram,
1228 1884 1358 1946 etiamsi
1382 1905 1424 1948 ex
1448 1884 1554 1948 solido
1578 1905 1696 1970 poema
1719 1884 1902 1971 displiceat.

824 2243 1005 2310 BURGUS
1027 2244 1183 2312 PONTII
1205 2244 1403 2311 LEONTII.

699 2379 851 2472 Bissonn
876 2409 1042 2473 stabulum
1065 2409 1164 2494 regis,
1187 2408 1347 2475 Busiridis
1371 2431 1455 2489 aras,

650 2510 851 2598 Antiphatae
874 2532 1006 2576 mensas
1031 2518 1064 2578 at
1087 2513 1228 2577 Taurica
1252 2534 1354 2598 regua
1377 2513 1535 2578 Thoantis

651 2620 750 2699 atque
772 2613 879 2680 Ithaei
902 2615 1035 2701 ingenio
1059 2615 1244 2680 fraudatum
1267 2616 1340 2680 luce
1365 2615 1511 2702 Cyclopa

652 2724 837 2804 portantem
860 2718 977 2784 frontis
1001 2738 1116 2805 campo
1140 2740 1199 2806 per
1222 2740 1366 2784 concava
1388 2721 1506 2784 montis

608 2837 619 2873 ⁵
651 2842 710 2906 par
731 2844 834 2909 prope
858 2824 1030 2889 transfossi
1052 2823 1263 2889 tenebrosum
1287 2824 1417 2888 luminis
1439 2830 1578 2903 antrum,

653 2925 786 3013 hospes,
811 2927 874 3009 adi,
898 2928 925 2991 si
948 2928 1020 3013 quis
1044 2927 1191 3013 Burgum
1214 2928 1375 2992 taciturus
1399 2926 1506 2992 adisti.

652 3036 686 3094 et
708 3031 787 3095 licet
809 3031 842 3094 in
866 3051 998 3096 carmen
1019 3051 1085 3095 non
1107 3031 1231 3117 passim
1253 3031 1345 3096 laxet
1367 3029 1513 3096 habenas

651 3131 806 3198 Phoebus
831 3141 865 3198 et
888 3134 941 3198 hic
964 3135 1042 3199 totis
1066 3155 1131 3199 non
1153 3134 1277 3221 pandat
1300 3134 1436 3200 carbasa
1459 3134 1558 3207 fandi,

652 3237 789 3323 quisque
812 3246 923 3303 tamen
946 3245 1054 3304 tantos
1077 3260 1143 3304 uon
1165 3238 1302 3303 laudans
1326 3260 1383 3304 ore
1407 3244 1544 3325 penales

598 3353 621 3390 ¹⁰
652 3340 799 3427 inspicis,
822 3342 1005 3429 inspiceris:
1030 3350 1164 3409 resonat
1187 3343 1258 3407 sine
1283 3362 1362 3407 voce
1385 3342 1550 3414 voluntas,

652 3466 728 3509 nam
751 3451 865 3535 tuate
880 3447 1024 3531 tacitum
1046 3446 1149 3512 livere
1172 3446 1303 3511 silentia
1326 3446 1479 3511 clamant.

699 3547 789 3633 Ergo
812 3569 886 3634 age,
909 3548 1046 3631 Pierias,
1069 3548 1182 3630 Erato,
1205 3549 1285 3614 mihi
1307 3555 1442 3634 percute
1467 3548 1623 3617 chordas:

653 3659 850 3739 responsent
873 3652 993 3738 Satyri,
1018 3653 1219 3739 digitumque
1243 3652 1427 3739 pedemque
1450 3658 1620 3717 moventes

654 3754 770 3821 ludant
793 3763 828 3822 et
850 3757 990 3822 tremulo
1014 3778 1079 3822 nou
1102 3765 1257 3844 rumpant
1280 3757 1407 3822 cantica
1430 3756 1525 3821 saltu.

597 3876 621 3912 ¹⁵
654 3859 807 3946 quicquid
831 3861 915 3925 forte
930 3860 1038 3948 Dryas
1056 3863 1108 3928 vel
1132 3861 1283 3948 quicquid
1299 3860 1508 3946 Hamadryas
1528 3881 1681 3946 umquam

653 3965 790 4030 conexis
814 3965 946 4031 sibimet
969 3966 1091 4032 festum
1114 3967 1266 4052 plausere
1288 3964 1444 4052 Napaeis,

653 4069 842 4155 dependant
864 4070 971 4153 modo,
995 4071 1117 4157 Burge,
1141 4070 1213 4150 tibi,
1237 4072 1290 4135 vel
1312 4069 1435 4135 Naidas
1458 4070 1540 4149 istic,

652 4172 832 4239 Nereidum
856 4175 974 4239 chorus
997 4176 1093 4258 alme,
1117 4174 1209 4257 doce,
1232 4196 1305 4240 enm
1329 4175 1414 4239 forte
1438 4173 1605 4239 Garumna

654 4280 718 4344 huc
742 4278 902 4345 redeunte
925 4281 1019 4345 venis
1042 4286 1242 4367 pontumque
1265 4280 1298 4343 in
1321 4278 1453 4343 flumine
1477 4279 1595 4343 sulcas.

596 4397 622 4435 ²0
652 4382 759 4469 pande
782 4383 882 4469 igitur
905 4404 1031 4465 causas,
1054 4383 1166 4459 Erato,
1190 4383 1377 4469 laribusque
1401 4383 1443 4447 sit
1466 4381 1526 4447 ede

653 4487 724 4572 quis
746 4487 878 4572 genium
902 4493 1028 4552 tantum
1050 4508 1116 4552 nou
1140 4493 1190 4553 est
1213 4488 1284 4553 sine
1307 4486 1461 4573 praesule
1484 4486 1625 4550 culmen.

391 4816 625 4870 2amu1unsP·
688 4817 815 4870 defflere
828 4817 854 4868 P
949 4815 967 4868 3
984 4814 1074 4884 igitur]
1093 4833 1155 4884 ergo
1168 4816 1197 4867 F
1292 4812 1309 4865 4
1327 4816 1382 4867 iure
1400 4815 1447 4866 tibi
1459 4814 1488 4865 F
1548 4814 1646 4867 scilicet
1663 4814 1749 4867 omc'
1844 4813 1941 4880 bquo

289 4922 340 4972 quo
358 4904 384 4956 P
506 4902 523 4956 6
545 4904 721 4957 arithmericos
738 4905 770 4969 P,
797 4904 970 4957 athrimotieos
994 4903 1019 4953 Τ
1134 4900 1150 4953 ‘l
1174 4902 1317 4955 censuerim
1338 4901 1360 4952 O
1443 4900 1558 4967 obliquet
1580 4900 1604 4949 Τ
1720 4898 1738 4950 8
1760 4900 1860 4952 exotica
1879 4898 1946 4951 ebP

287 4989 331 5057 ita]
355 5002 380 5044 te
398 4992 423 5043 P
508 4991 572 5042 ise
698 4987 715 5040 9
737 4990 833 5041 lulium
856 4989 996 5041 Fir-micum
1019 4988 1109 5039 inserit
1127 4996 1188 5055 poet
1209 4988 1271 5038 mihi
1296 4987 1436 5038 Vaticanus
1453 4990 1518 5038 3421
1654 4984 1687 5035 lll
1709 4987 1845 5037 follonimu
1866 4986 1942 5037 codd

289 5077 320 5130 ll
340 5078 469 5130 doetrinae
487 5078 573 5130 cauo
676 5075 707 5128 13
724 5084 798 5129 tuum
812 5075 861 5128 OF
960 5075 1122 5126 exemere
1140 5075 1307 5126 EPISTOLA
1324 5082 1427 5137 otram„
1450 5081 1503 5124 tum
1521 5073 1614 5139 Incipit
1629 5072 1729 5138 burgus
1747 5072 1835 5122 Poncii
1853 5073 1941 5124 leontii

287 5165 358 5215 mbr.
370 5166 447 5216 irracr.
458 5166 487 5216 in
501 5163 534 5223 0,-
551 5164 712 5215 EXPLICIT
729 5160 821 5215 BPBA
838 5163 1016 5230 asarsusim,
1034 5162 1080 5213 scd
1095 5178 1148 5213 auo
1165 5178 1241 5213 ceren
1257 5178 1312 5212 coc.
1325 5160 1456 5227 incoeptio
1474 5178 1523 5211 om.
1535 5161 1562 5210 in
1576 5158 1611 5220 1’,·
1628 5161 1732 5225 Bur-grus
1750 5159 1834 5225 poncii
1852 5159 1940 5211 leontii

287 5251 377 5317 incipit
389 5250 428 5302 F:
445 5250 588 5302 decinam.
605 5250 630 5300 Τ
723 5249 860 5302 liathouii
877 5248 922 5313 T',
940 5248 1062 5316 plathonii
1080 5247 1116 5297 T²
1179 5247 1307 5299 busiridis
1321 5247 1354 5298 0¹
1451 5245 1600 5298 2tonantic
1612 5243 1641 5295 F
1732 5243 1867 5311 3cyclops
1879 5240 1943 5310 Leo]
2038 5312 2047 5325 .

288 5337 421 5404 cyclopem
439 5336 523 5401 codd,
545 5336 677 5404 cyclopem
694 5337 770 5403 culpo
897 5333 914 5385 b
935 5335 1055 5387 tranfossi
1075 5334 1112 5385 0·
1244 5330 1259 5382 'l
1280 5333 1394 5385 abhenaa
1414 5332 1442 5397 C,
1466 5333 1574 5384 habenis
1592 5330 1635 5381 ps
1761 5329 1779 5380 8
1803 5340 1872 5381 totns
1895 5328 1946 5380 TI?

289 5419 323 5473 10
341 5421 414 5488 roeo]
432 5422 484 5473 lino
503 5421 528 5472 P
632 5420 664 5473 13
682 5424 752 5491 sayri
772 5421 801 5473 1¹¹
903 5419 935 5472 14
952 5422 1059 5473 laudant
1079 5420 1101 5471 C
1167 5420 1279 5472 canticas
1297 5420 1353 5471 altu
1370 5418 1396 5469 P
1498 5419 1531 5470 15
1548 5395 1681 5484 amuda-yos
1704 5415 1733 5479 Τ,
1750 5417 1875 5467 amadrias
1891 5414 1943 5479 ΟΡ,

286 5509 422 5561 amadritas
440 5507 469 5559 F
586 5507 620 5559 16
641 5509 763 5578 naphaeis
786 5506 865 5573 TPF,
888 5509 989 5578 nipheis
1008 5508 1031 5561 0
1156 5504 1188 5557 ll
1207 5506 1355 5575 ·ependant
1375 5508 1409 5557 θ’
1539 5504 1571 5557 18
1593 5520 1712 5573 gaurana
1730 5502 1761 5566 P,
1785 5520 1900 5571 garonna
1922 5502 1945 5555 Ο

289 5598 321 5655 19
339 5596 421 5647 sfoeas
444 5594 481 5646 Τ·
