4462 6216
896 328 921 382 lI
940 329 1033 383 11421
1054 360 1086 369 -
1105 346 1129 382 v.
1148 330 1207 383 506.

594 501 653 564 hos
677 522 806 587 quoque
831 502 890 566 sub
915 503 1035 567 nostris
1059 501 1184 566 domuit
1207 502 1366 567 Servilius
1389 505 1496 567 armis.

524 618 561 654 ras
595 605 737 669 concessi
762 604 902 669 Aetolos
927 615 1054 670 veteres
1078 604 1302 690 Acheloiaque
1326 626 1414 685 arva,

594 708 754 773 transfudi
777 709 956 773 Attalicum
979 709 1064 774 male
1089 708 1223 773 credula
1246 713 1488 785 testamentum,

594 813 728 897 Epirum
752 813 890 876 retines:
914 818 949 876 tu
973 813 1047 891 scis,
1071 813 1123 876 eui
1146 811 1268 876 debeat
1291 812 1381 876 illam

594 915 748 1001 Pyrrhus.
795 917 828 978 in
850 915 1018 1001 Illyricum
1041 923 1153 1001 specto
1177 925 1209 979 te
1234 916 1365 980 mittere
1387 917 1459 980 iura

593 1042 630 1084 ac
653 1020 819 1084 Macetum
842 1026 963 1085 terras:
988 1025 1022 1085 et
1044 1019 1147 1084 habes
1172 1026 1216 1095 tu,
1241 1018 1355 1099 Paule,
1379 1025 1526 1104 nepotes.

540 1136 550 1173 ⁷
597 1124 740 1208 Aegypti
764 1125 927 1188 frumenta
949 1122 1039 1187 dedi:
1064 1123 1142 1187 mihi
1167 1123 1290 1187 vicerat
1313 1124 1391 1187 olim

592 1227 767 1293 Leucadiis
790 1228 940 1313 Agrippa
962 1227 1064 1292 fratis.
1110 1227 1232 1291 ludaea
1255 1235 1386 1292 tenetur

594 1330 654 1396 sub
678 1330 806 1395 dicione
829 1338 896 1409 tua,
919 1337 1084 1416 tamquam
1109 1338 1144 1393 tu
1166 1331 1296 1394 miseris
1320 1330 1397 1394 illuc

592 1435 753 1519 insignem
779 1457 850 1499 cum
875 1440 968 1521 patre
992 1434 1111 1499 Titum.
1156 1434 1214 1497 tibi
1240 1433 1362 1519 Cypria
1384 1454 1510 1499 merces

593 1538 714 1611 fertum
738 1560 903 1624 pugnaces
927 1560 989 1623 ego
1012 1560 1136 1624 pauper
1160 1539 1257 1604 laudo
1282 1538 1436 1603 Catones.

538 1655 561 1690 1³·
593 1640 714 1705 Dorica
736 1649 769 1706 te
792 1642 890 1706 tellus
915 1652 948 1705 et
970 1642 1118 1706 Achaica
1139 1664 1216 1706 rura
1239 1644 1440 1713 tremiscunt,

593 1744 701 1809 tendis
726 1753 759 1809 et
782 1747 814 1809 in
838 1745 994 1810 bimarem
1018 1746 1127 1809 felicia
1148 1766 1250 1830 regna
1274 1744 1469 1809 Corinthon:

594 1848 656 1928 dic,
681 1848 882 1933 Byzantinus
905 1850 976 1934 quis
999 1871 1068 1913 rem
1092 1849 1151 1912 tibi
1174 1849 1350 1913 Mummius
1374 1850 1460 1932 egit?
1499 1864 1502 1869 ·

646 1951 712 2016 Sed
735 1954 760 2015 si
784 1952 867 2016 forte
891 1952 1000 2036 placet
1023 1964 1152 2016 veteres
1179 1953 1288 2037 sopire
1313 1953 1474 2037 querelas.

592 2055 805 2119 Anthemium
829 2054 974 2119 concede
998 2056 1087 2119 mihi.
1134 2057 1176 2120 sit
1198 2055 1347 2142 partibus
1371 2057 1442 2120 istis

538 2178 562 2208 ⁸⁰
595 2159 765 2245 Augustus
787 2160 984 2243 longumque
1007 2158 1092 2225 Leo:
1115 2180 1186 2224 mea
1212 2161 1281 2224 iura
1299 2161 1460 2244 gubernet

593 2284 687 2347 quem
713 2262 806 2348 petii;
830 2263 936 2348 patrio
961 2263 1075 2327 vestiri
1099 2264 1221 2327 murice
1244 2269 1354 2327 natam

592 2366 736 2452 gaudeat
758 2366 975 2452 Euphemiam
1000 2365 1088 2455 sidus
1112 2366 1219 2431 divale
1243 2368 1398 2452 parentis.

594 2469 685 2534 adice
710 2476 884 2555 praeterea
907 2470 1069 2555 privatum
1092 2468 1134 2532 ad
1157 2469 1289 2554 publica
1311 2469 1440 2534 foedus:

595 2573 638 2636 sit
661 2593 755 2637 socer
777 2570 948 2657 Augustus
970 2593 1094 2656 genero
1117 2571 1281 2636 Ricimere
1305 2572 1435 2637 beatus:

540 2691 564 2725 ³³·
597 2676 767 2741 nobilitate
792 2676 928 2740 micant:
953 2682 1003 2740 est
1027 2675 1118 2740 robis
1141 2676 1234 2760 regia
1256 2675 1358 2760 virgo,

595 2780 705 2865 regius
728 2780 784 2843 illc
807 2778 897 2844 mihi.
943 2779 971 2842 ai
995 2799 1131 2843 concors
1154 2779 1270 2842 annuis
1294 2778 1391 2855 istud,

591 2904 669 2947 mox
692 2882 830 2968 Libyam
855 2903 986 2967 sperare
1011 2881 1114 2947 dabis.
1160 2882 1373 2967 circumspice
1397 2880 1512 2946 taedas

592 2987 759 3071 antiquas:
783 3008 842 3072 par
866 2986 955 3051 nulla
979 2987 1037 3049 tibi
1060 2986 1108 3050 sic
1131 2986 1249 3071 copula
1271 2992 1405 3071 praesto
1429 2993 1490 3049 est.

592 3090 736 3175 proferat
760 3090 812 3154 hic
835 3095 985 3154 veterum
1009 3088 1171 3153 thalamos
1194 3088 1378 3153 discrimine
1402 3093 1513 3174 partos

536 3212 561 3246 *³¹
595 3194 746 3274 Graecia,
771 3195 803 3256 ni
826 3192 930 3278 pudor
954 3199 1022 3257 est:
1047 3193 1208 3278 reparatis
1232 3192 1308 3255 Pisa
1330 3190 1498 3276 quadrigis

593 3298 731 3361 suscitet
754 3297 968 3375 Oenomaum,
992 3302 1088 3361 natae
1113 3318 1209 3381 quem
1232 3295 1347 3359 fraude
1371 3293 1542 3359 cadentem

595 3420 693 3463 cerea
715 3399 865 3463 destituit
887 3399 1040 3462 resolutis
1063 3397 1180 3461 unibus
1203 3398 1305 3469 obcx;

591 3502 746 3589 procedat
770 3502 901 3566 Colchis
924 3503 1015 3587 prius
1040 3503 1152 3586 agnita
1175 3502 1264 3585 virgo
1288 3501 1405 3565 marito

592 3607 727 3671 crimine
752 3627 848 3691 quarn
872 3627 969 3681 sexu;
994 3610 1122 3691 spectet
1144 3604 1185 3669 de
1209 3625 1339 3669 carcere
1364 3605 1440 3668 circi

535 3724 558 3763 -···
593 3709 753 3794 pallentes
777 3709 935 3773 Atalanta
958 3728 1075 3795 procos
1099 3715 1132 3773 et
1155 3729 1251 3793 poma
1273 3707 1385 3772 decori

591 3814 809 3899 Hippomenis
831 3813 896 3876 iarn
921 3833 986 3876 non
1009 3834 1068 3898 pro
1093 3812 1162 3876 solo
1187 3812 1321 3896 colligat
1344 3832 1436 3886 auro;

592 3917 760 3996 Deianira,
785 3922 858 3981 tuas
883 3915 1051 3980 Achelous
1074 3914 1237 4001 gymnade
1261 3916 1392 4001 pinguis

592 4020 733 4085 illustret
756 4019 870 4084 taedas
894 4030 928 4084 et
952 4020 993 4084 ab
1014 4019 1161 4084 Hercule
1185 4040 1318 4104 pressus
1342 4018 1460 4082 anhelo

590 4125 747 4187 lassatum
771 4123 881 4188 foveat
905 4123 982 4186 rivis
1006 4122 1163 4187 rivalibus
1187 4121 1327 4186 hostem:

522 4243 532 4275 ·'·
593 4228 800 4312 quantumvis
823 4228 945 4292 veteris
969 4234 1114 4313 repetam
1139 4225 1279 4290 conubia
1302 4227 1412 4306 saecli,

590 4329 827 4394 transcendunt
849 4328 901 4393 hic
924 4329 1052 4401 heroas,
1077 4327 1229 4391 heroidas
1253 4328 1317 4391 illa.

591 4434 654 4498 hos*
675 4434 847 4513 thalamos,
872 4433 1024 4513 Ricimer,
1048 4433 1160 4497 Virtus
1183 4432 1242 4496 tibi
1265 4433 1413 4519 pronuba
1437 4435 1543 4518 poscit

590 4546 688 4623 atque
711 4537 895 4604 Dionaeam
918 4540 974 4604 dat
996 4538 1116 4604 Martia
1139 4540 1251 4603 laurea
1273 4546 1426 4624 myrtum.

591 4663 668 4726 ergo
692 4663 765 4725 age,
791 4642 884 4707 trade
907 4643 1013 4707 virum
1035 4664 1100 4707 non
1125 4643 1192 4706 otia
1214 4644 1309 4728 pigra
1332 4641 1499 4707 foventem

522 4760 555 4769 ··
590 4744 781 4829 deliciisque
805 4767 950 4830 gravem,
975 4746 1032 4811 sed
1055 4767 1151 4831 quam
1174 4747 1270 4811 modo
1293 4747 1443 4811 nauticus
1467 4748 1531 4811 urit

590 4853 700 4911 aestus
725 4847 943 4935 Abydenique
967 4851 1057 4914 sinus
1082 4857 1114 4914 et
1139 4849 1262 4914 Sestias
1286 4872 1343 4914 ora

326 5019 379 5072 465
396 5023 510 5073 catholos
528 5022 602 5072 codd.
672 5022 822 5087 ucheloique
836 5024 874 5074 0⁸
978 5021 1029 5074 466
1047 5024 1168 5074 amlicmn
1188 5022 1215 5085 C,
1232 5023 1372 5073 athalicum
1388 5023 1412 5072 Τ
1511 5022 1563 5075 468
1582 5026 1684 5091 pirrhus
1697 5027 1730 5090 F,
1748 5029 1833 5095 pirrus
1850 5027 1879 5087 Τ,

222 5109 325 5176 phirrus
345 5108 375 5170 d,
402 5109 499 5174 phyma
519 5108 565 5169 Pl,
591 5109 702 5173 phyrrus
721 5104 762 5157 Pb
901 5106 952 5158 lul
976 5111 1069 5160 tillium
1093 5109 1121 5167 Τ,
1147 5109 1253 5174 cythum
1276 5107 1301 5156 Ρ
1435 5107 1488 5160 4711
1514 5128 1575 5161 rura
1597 5110 1676 5161 Mohr
1694 5127 1703 5160 .·
1723 5113 1778 5163 iura
1803 5112 1877 5163 codd.

222 5192 274 5245 476
298 5194 411 5245 bimareu
434 5194 458 5242 Τ
583 5190 634 5243 479
658 5194 720 5260 ipsis
738 5193 766 5243 F
891 5194 943 5246 480
965 5193 1015 5261 leo]
1038 5213 1094 5247 mco
1117 5195 1157 5245 Ta
1247 5192 1312 5259 iura]
1337 5212 1417 5263 regna
1439 5195 1464 5245 Τ
1585 5195 1638 5247 482
1662 5199 1828 5265 euphymiam
1848 5200 1879 5257 0,·

222 5281 359 5346 eupimiam
377 5280 408 5340 P,
433 5280 588 5346 euphimiam
612 5278 639 5339 Τ,
663 5280 790 5329 eufimiam
810 5279 839 5328 F
969 5277 1022 5330 484
1045 5281 1086 5331 Fit
1106 5282 1140 5332 0¹
1242 5282 1363 5332 recimero
1381 5280 1499 5333 Psu'rl'
1629 5280 1689 5333 491.
1712 5282 1764 5335 492
1786 5302 1835 5335 ont.
1853 5283 1883 5335 F

222 5362 272 5416 491
291 5382 442 5416 oenomaum
455 5365 480 5414 Ρ
580 5362 632 5415 luz
651 5366 755 5416 resoluti
768 5365 794 5414 Ρ
893 5364 1080 5418 4931114111141
1180 5364 1380 5421 49541114111114
1395 5366 1447 5431 ΤΡ,
1463 5370 1610 5421 atbalmrtos
1625 5371 1670 5433 0¹,
1688 5371 1880 5434 4111414410οζ

222 5451 378 5502 athlantaF
463 5449 516 5502 496
534 5452 682 5518 hipomenes
698 5451 723 5501 Τ
810 5450 861 5504 497
884 5453 998 5504 helanira
1015 5460 1032 5504 1
1051 5454 1176 5505 acbeloriu
1190 5453 1218 5503 F
1309 5451 1361 5504 499
1379 5455 1450 5505 rivus
1467 5454 1602 5507 rivialibuo
1613 5456 1642 5506 Ρ
1729 5452 1782 5506 hill
1799 5474 1878 5521 quan·

222 5538 322 5589 tumv'm
335 5536 361 5587 Ρ
439 5538 532 5589 veteris
550 5537 702 5604 repetamF
778 5539 831 5590 sedi
846 5539 871 5590 P
984 5537 1032 5591 501
1054 5540 1184 5591 heroesF
1262 5540 1378 5591 heroidas
1396 5540 1490 5605 vulgo:
1507 5540 1625 5593 heroides
1642 5541 1717 5593 codd·
1797 5542 1841 5594 ille
1858 5542 1883 5594 Τ

222 5621 273 5675 1102
291 5624 398 5674 recimer
416 5624 488 5674 codd.
595 5621 646 5675 :303
665 5625 781 5677 dioenum
794 5625 822 5676 F
923 5625 974 5679 1106
995 5636 1080 5679 aestus
1097 5626 1149 5689 ΤΡ,
1166 5637 1237 5677 astur
1250 5627 1279 5679 Ρ
1344 5627 1500 5693 abydiniquc
1515 5627 1566 5691 (Τ,
1583 5628 1733 5694 abidiuique
1750 5628 1799 5680 ΤΡ

330 5747 457 5796 smoruus.
1638 5741 1673 5796 24
