4462 6216
260 353 301 413 56
877 341 1014 398 SIDONII
1032 341 1290 398 EPISTULARUM

260 526 455 606 percontere
479 518 556 604 quid
580 519 736 597 sentiam,
760 517 972 583 commaticus
996 521 1049 582 est
1071 517 1239 602 copiosus,
1271 514 1375 580 dulcis
1398 517 1523 594 elatus,
1546 521 1580 580 et
1602 514 1768 601 quoslibet
1790 513 1909 598 lyricos

258 622 483 709 dithyrambos
505 622 703 687 amoenitate
726 620 857 706 poetica
879 627 913 686 et
935 620 1091 684 historica
1114 620 1252 685 veritato
1284 618 1514 705 supereminet.
1560 618 1659 704 idque
1682 626 1774 684 tuum
1796 619 1828 682 in
1853 619 1908 682 iilo

259 727 436 811 peculiare,
461 724 547 811 quod
563 725 703 790 servatis
720 730 897 789 metrorum
921 722 1060 809 pedibus
1084 721 1203 808 pedum
1227 722 1363 807 syllabis
1387 722 1652 808 syllabarumque
1674 721 1801 786 naturis
1824 722 1909 785 intra

259 831 354 915 spatii
384 829 434 894 sui
462 829 637 893 terminum
668 827 770 892 verba
798 826 878 891 ditia
901 844 1015 891 versus
1045 846 1170 912 pauper
1196 825 1334 890 includit
1365 847 1427 891 nec
1458 827 1555 891 artati
1583 826 1737 890 carminis
1764 825 1909 890 brevitas

259 932 493 1019 longitudinem
521 932 681 1017 phalerati
712 930 872 995 scrrnonis
900 927 1061 1003 eliminat;
1094 930 1140 992 ita
1167 929 1228 993 tibi
1257 929 1355 993 facile
1384 929 1473 994 factu
1502 936 1554 994 est
1582 929 1716 994 minutis
1745 929 1909 993 trochaeis
1949 948 1961 984 ⁵

259 1035 553 1120 minutioribusque
577 1033 771 1120 pyrrhichiis
794 1054 859 1098 nou
883 1033 988 1097 solum
1017 1032 1208 1098 molossicas
1236 1035 1528 1119 anapaesticasque
1559 1033 1720 1098 ternarias
1750 1032 1808 1097 sed
1839 1033 1908 1118 epi-

234 1139 411 1204 titritorum
443 1139 541 1204 etiam
572 1158 799 1223 paeonumque
830 1142 1042 1222 quaternatas
1073 1136 1285 1222 supervenire
1313 1137 1489 1202 iuncturas.
1539 1136 1702 1203 excrescit
1729 1135 1910 1220 amplitudo

259 1242 420 1327 proloquii
457 1242 627 1327 augustias
662 1240 832 1324 regulares
865 1246 898 1303 et
928 1246 1092 1323 tamquam
1125 1260 1226 1325 parvo
1263 1260 1342 1304 auro
1377 1240 1509 1324 grandis
1539 1261 1668 1324 gemma
1699 1239 1753 1303 vix
1783 1239 1910 1324 capitur

261 1345 443 1430 emicatque
466 1352 502 1411 ut
525 1345 600 1429 equi
624 1343 766 1430 potentis
788 1342 1001 1420 animositas,
1026 1342 1077 1406 cui
1101 1341 1270 1419 frementi,
1299 1342 1325 1405 si
1349 1343 1435 1408 inter
1458 1351 1574 1428 tesqua
1593 1343 1645 1408 vel
1667 1343 1823 1427 confraga
1845 1342 1910 1406 fre-

261 1468 375 1512 norum
399 1450 473 1534 lege
496 1454 662 1526 teneatur,
686 1445 851 1530 intellegis
874 1466 939 1510 non
962 1452 1029 1510 tam
1052 1466 1182 1510 cursum
1206 1445 1322 1511 deassc
1346 1467 1444 1530 quam
1467 1467 1627 1532 campum.
1673 1445 1750 1531 quid
1772 1445 1908 1509 multis?
1936 1460 1962 1498 ¹⁰

259 1552 381 1616 arbitro
405 1574 457 1618 me
479 1553 512 1617 in
534 1560 671 1636 utroque
695 1549 969 1636 generedicendi
993 1571 1054 1615 nec
1077 1548 1228 1614 Athenae
1253 1550 1299 1613 sic
1323 1549 1453 1615 Atticae
1477 1570 1538 1613 nec
1554 1547 1669 1614 Musae
1693 1549 1740 1613 sic
1763 1549 1909 1614 musicae

259 1654 504 1734 iudicabuntur,
534 1655 561 1720 si
589 1655 684 1720 modo
712 1653 791 1717 mihi
822 1655 874 1718 vel
904 1653 1059 1719 censendi
1088 1655 1215 1739 copiam
1246 1652 1373 1717 desidia
1400 1654 1530 1738 longior
1559 1675 1622 1718 non
1652 1652 1783 1717 ademit.
1834 1674 1908 1717 narn

260 1757 336 1823 dum
360 1759 509 1843 inpactae
533 1758 747 1845 professionis
772 1757 908 1822 obtentu
932 1774 1051 1821 norum
1074 1756 1237 1821 scribendi
1254 1777 1378 1821 morem
1397 1756 1557 1842 gradatim
1576 1763 1696 1842 appeto
1714 1763 1748 1821 et
1763 1763 1908 1821 veterem

260 1862 424 1926 saltuatim
449 1860 597 1941 dedisco,
628 1862 669 1926 de
698 1861 785 1925 bono
815 1866 946 1925 oratore
978 1859 1024 1924 nil
1053 1861 1194 1946 amplius
1223 1860 1329 1926 habeo
1353 1881 1450 1945 quam
1473 1860 1560 1946 quod
1588 1862 1692 1925 malus
1715 1866 1812 1945 poeta
1835 1882 1909 1925 csse

212 1965 331 2049 idplus
354 1963 457 2050 coepi.
501 1965 610 2049 proin,
633 1985 773 2049 quaeso,
806 1962 917 2028 delicti
940 1962 1035 2028 huius
1060 1963 1138 2026 mihi
1160 1964 1299 2048 gratiam
1321 1963 1439 2044 iacias,
1471 1964 1558 2049 quod
1588 1964 1823 2049 aliquantisper
1843 1965 1908 2028 mci
1937 1976 1961 2016 ¹⁵

211 2132 224 2157 ,
260 2067 442 2133 meminens
465 2074 613 2132 arentem
637 2068 789 2133 venulam
812 2067 916 2131 rarius
940 2066 1063 2130 flumini
1092 2072 1147 2130 tuo
1170 2067 1304 2132 misceo.
1358 2076 1446 2131 tuam
1474 2067 1587 2133 tubam
1615 2074 1701 2131 totus
1727 2088 1791 2153 qua
1819 2073 1911 2152 patet

261 2169 349 2235 orbis
372 2171 443 2237 iure
467 2171 686 2251 venerabitur,
709 2192 807 2256 quam
830 2176 959 2236 constat
974 2171 1141 2257 geminata
1155 2171 1314 2237 felicitato
1331 2172 1502 2249 cecinisse,
1525 2170 1653 2256 quando
1670 2191 1732 2236 neo
1747 2170 1909 2234 aemulum

259 2275 403 2360 repperit
426 2296 487 2339 noc
509 2276 697 2359 aequalem,
728 2296 802 2338 cum
832 2273 958 2360 pridem
991 2296 1087 2340 aures
1110 2282 1144 2341 et
1167 2296 1224 2340 ora
1245 2277 1439 2362 populorum
1462 2298 1514 2341 me
1538 2275 1636 2341 etiam
1660 2274 1910 2339 circumferente

259 2383 504 2462 pervagaretur.
548 2378 643 2443 nobis
666 2384 776 2443 autem
799 2377 933 2462 grandis
957 2378 1109 2457 audacia,
1140 2380 1168 2443 si
1195 2380 1247 2443 vol
1277 2378 1364 2465 apud
1393 2379 1606 2465 municipales
1630 2384 1664 2442 et
1687 2377 1910 2443 cathedrarios

262 2485 409 2545 oratores
425 2488 482 2545 aut
497 2482 645 2546 forenses
667 2481 799 2545 rabulas
823 2481 1015 2566 garriamus,
1039 2483 1093 2567 qni
1115 2483 1213 2547 etiam
1236 2504 1310 2547 cum
1327 2490 1492 2569 perorant,
1515 2484 1606 2547 salva
1628 2502 1709 2567 pace
1732 2482 1908 2567 potiorum,
1935 2487 1963 2526 ²⁰

263 2581 359 2646 turba
375 2585 579 2648 numerosior
601 2584 873 2649 illitteratissimis
896 2586 1015 2651 litteris
1030 2593 1157 2652 vacant.
1202 2608 1278 2651 nam
1302 2593 1344 2664 te,
1369 2587 1431 2667 cui,
1456 2608 1515 2652 seu
1537 2586 1676 2650 liberum
1701 2606 1760 2649 seu
1775 2585 1911 2669 ligatum

264 2685 393 2769 placeat
420 2686 584 2752 alternare
616 2709 815 2767 sermonem,
848 2688 998 2754 intonare
1029 2691 1231 2755 ambifariam
1260 2692 1418 2778 suppetit,
1454 2691 1596 2778 pauci,
1632 2710 1729 2774 quos
1762 2710 1910 2773 aequus

260 2789 424 2870 amavit,
448 2789 669 2857 imitabuntur.
715 2791 799 2856 vale.

1054 3078 1114 3143 IV.

479 3248 691 3314 SIDONIUS
717 3249 945 3317 SIMPLIOIO
968 3250 1027 3316 ΕΤ
1051 3250 1329 3316 APOLLINARI
1353 3251 1452 3317 suls
1478 3252 1697 3319 SALUTEM.

234 3389 247 3449 1
370 3362 488 3461 Eccum
524 3397 574 3461 uel
608 3396 740 3461 tandem
770 3396 864 3462 adast
891 3397 1064 3488 promissio
1093 3419 1181 3479 mea,
1214 3401 1401 3484 expectatio
1432 3407 1557 3480 vestra,
1593 3400 1786 3478 Faustinus,
1817 3409 1912 3486 pater
1938 3415 1963 3454 ²³

260 3498 401 3563 familias
425 3498 655 3565 dominabilis
679 3506 713 3564 et
735 3500 820 3565 iuter
842 3500 985 3565 maxima
1007 3502 1131 3586 patriae
1160 3502 1224 3565 iam
1248 3502 1327 3568 mihi
1357 3503 1484 3589 sibique
1516 3505 1696 3568 communis
1721 3511 1912 3568 ornamenta

261 3601 491 3668 numerandus.
536 3603 590 3668 hic
614 3625 705 3669 meus
728 3604 830 3669 frater
844 3605 1003 3669 natalium
1022 3606 1197 3691 parilitate,
1221 3608 1345 3671 amicus
1360 3607 1542 3671 animorum
1559 3606 1787 3681 similitudiue;
1812 3628 1911 3692 saepe

270 3780 283 3785 ..
291 3778 453 3787 -—-·-——-
462 3779 506 3785 ..-
514 3779 673 3787 --00—--

364 3896 399 3950 22
416 3894 521 3966 Vergil.
540 3895 608 3951 Aen.
628 3895 675 3959 vl,
695 3896 754 3950 129.

367 4050 381 4104 1
400 4063 550 4122 percontere
571 4050 607 4119 F,
625 4064 792 4123 percunctare
810 4053 835 4104 P
916 4056 1056 4108 comaticns
1078 4056 1103 4105 Τ
1176 4058 1263 4109 liricos
1282 4056 1331 4109 OF
1437 4057 1455 4109 2
1472 4059 1629 4126 dityrambos
1646 4058 1685 4122 Μ,
1701 4058 1849 4110 ditirambos
1869 4053 1919 4107 ΟΜ

261 4176 383 4229 historias
400 4176 440 4239 (aa
457 4175 485 4226 irs
503 4193 556 4227 ros.
575 4176 607 4226 Μ
613 4175 634 4240 ¹)
653 4175 691 4240 Μ,
709 4175 811 4228 istorica
831 4176 853 4227 Ο
973 4174 990 4226 3
1008 4179 1116 4229 servatis
1133 4178 1176 4240 (tis
1194 4179 1222 4228 in
1240 4196 1293 4229 ros.
1312 4178 1346 4228 Μ
1351 4177 1372 4243 ¹)
1391 4179 1425 4229 Μ
1501 4180 1599 4231 sillabis
1619 4180 1819 4245 sillabarumqus
1837 4176 1918 4228 MOF

260 4291 375 4350 ttulit
477 4293 611 4349 bialerati
621 4295 653 4346 Μ
657 4292 753 4348 TGFP
819 4297 928 4362 postlla
945 4297 992 4361 lep.
1011 4303 1041 4347 ut
1056 4291 1128 4346 issF
1193 4305 1219 4348 et
1237 4298 1418 4349 minutioribus
1436 4298 1495 4361 (orn.
1514 4298 1610 4366 queit)
1710 4266 1910 4365 iipyrriohiisL

259 4418 405 4488 pirrhiehiis
424 4415 519 4485 (prior.
538 4417 547 4468 i
565 4436 633 4469 corr.
651 4418 680 4468 s'a
696 4435 714 4483 y
732 4415 786 4484 1²¹)
805 4416 840 4482 P,
866 4417 993 4485 pirriohiis
1016 4416 1087 4469 wa
1181 4419 1326 4471 mollosicas
1346 4414 1383 4483 F,
1400 4420 1547 4472 molossicas
1565 4419 1662 4486 (prior.
1680 4437 1693 4471 s
1712 4436 1778 4470 eros.
1797 4419 1831 4469 Μ
1836 4419 1858 4484 ²)
1876 4420 1915 4483 Μ,

260 4539 395 4593 molosiam
414 4537 437 4589 0
518 4547 576 4605 post
593 4555 619 4603 s;
638 4539 684 4605 leg.
703 4535 720 4587 3
739 4539 767 4589 iss
789 4537 814 4588 Τ
895 4538 1061 4606 apitratorum
1079 4538 1104 4589 L
1224 4535 1240 4588 7
1258 4547 1397 4606 quaternas
1415 4539 1450 4590 Μ
1452 4539 1545 4591 ruff
1662 4538 1817 4606 Stanquam
1836 4539 1918 4591 Mor

259 4660 426 4715 iliramsutis
445 4658 469 4725 (s
486 4677 553 4713 eras.
572 4659 623 4724 11¹)
645 4658 666 4709 L
735 4668 826 4727 tesqua
843 4658 892 4725 (tes
909 4660 937 4711 iss
956 4677 1009 4712 ros.
1031 4655 1068 4710 Μ
1072 4659 1092 4724 ¹)
1112 4656 1150 4710 Μ
1254 4659 1289 4710 10
1306 4661 1429 4727 intelligia
1448 4658 1576 4712 ΜΤὈΤΡ
1643 4676 1747 4710 cursum
1766 4676 1872 4711 cursum
1889 4661 1914 4711 L

265 4782 293 4838 li
314 4782 428 4837 dimersdi
448 4780 477 4833 Μ
539 4782 660 4835 sathanas
679 4781 707 4845 (h
725 4790 753 4832 at
769 4797 791 4833 o.
810 4798 876 4833 cras.
899 4780 945 4845 0²)
966 4782 989 4834 0
1047 4782 1146 4834 athicse
1166 4782 1194 4847 C,
1211 4782 1295 4833 atbioe
1313 4781 1370 4832 ΜΡ
1419 4799 1468 4833 neo
1485 4797 1557 4832 mnae
1574 4783 1602 4831 ta
1619 4781 1717 4831 musica
1734 4781 1916 4832 indicabuntur

259 4909 281 4963 sl
300 4905 375 4961 modo
402 4903 475 4967 (nothi
493 4904 552 4968 ons.)
575 4903 616 4956 vsi
639 4903 725 4957 cecedi
743 4904 842 4971 copiam
860 4903 957 4957 desidia
974 4903 1080 4978 lougior
1096 4921 1148 4954 non
1166 4903 1261 4956 ademit
1272 4910 1380 4968 procer
1398 4902 1445 4954 mit
1461 4903 1489 4953 iss
1506 4918 1560 4953 ros.
1581 4897 1623 4952 F¹
1750 4897 1782 4951 12
1799 4903 1876 4953 michi
1896 4903 1919 4952 C

261 5028 293 5086 iil
319 5029 445 5096 impactae
464 5018 556 5077 Mor·
649 5024 799 5093 optarrtub
939 5022 971 5076 14
993 4981 1020 5076 rii
1041 5018 1072 5074 F
1208 5020 1242 5075 lb
1265 5022 1324 5090 plus
1346 5038 1402 5075 esea
1426 5022 1451 5072 Τ
1540 5023 1645 5089 proinde
1667 5022 1713 5073 ΤΟ
1799 5022 1920 5073 michiG

260 5152 293 5209 iii
311 5150 453 5206 mamfocne
480 5147 523 5216 (ns
549 5148 577 5200 s'rs
603 5163 657 5199 ros.
683 5145 733 5210 1³¹)
750 5145 776 5199 P
860 5147 944 5216 patuit
961 5141 1105 5211 LMOFP,
1130 5145 1240 5212 mineris
1264 5143 1467 5196 Wilcmows'tes‘as
1608 5140 1639 5194 li
1667 5159 1715 5194 nec
1741 5143 1769 5193 hs
1797 5161 1850 5194 ros.
1876 5142 1914 5193 P¹

263 5277 293 5333 iii
312 5275 384 5347 prldh
406 5267 445 5337 Μ,
470 5270 583 5341 tprlmu
601 5287 620 5323 a.
641 5269 657 5321 l.
677 5267 739 5321 cdd.
753 5269 787 5320 Μ
791 5268 809 5333 ¹,
829 5269 913 5338 primii
942 5267 966 5319 Τ
1067 5264 1100 5319 19
1118 5267 1221 5319 audatia
1239 5263 1324 5317 MOF
1393 5272 1456 5332 aput
1472 5264 1502 5316 F
1609 5262 1645 5316 20
1661 5265 1764 5339 ravulas
1781 5260 1916 5326 LMOFP,

258 5356 363 5459 rs'i'irlss
387 5395 423 5449 Τ·
544 5390 577 5447 21
602 5392 812 5447 illitteratissimis
834 5390 863 5459 (il
881 5391 910 5443 s'ss
926 5406 981 5442 ras.
999 5390 1034 5441 Μ
1036 5389 1056 5453 ¹)
1076 5388 1111 5439 Μ
1176 5389 1293 5439 intonare
1313 5385 1471 5438 ambifariam
1488 5377 1575 5438 s'tinet
1595 5403 1654 5437 nam
1671 5342 1725 5437 tel
1741 5402 1787 5437 sen
1806 5386 1915 5437 liborum

257 5540 303 5579 ssu
332 5520 441 5587 lipsium
470 5517 553 5587 piscat
586 5514 713 5568 alternare
745 5528 888 5567 ammonem
922 5509 997 5578 pauci
1024 5525 1089 5575 quos
1120 5524 1203 5573 equus
1232 5506 1328 5557 aruavh
1360 5506 1529 5558 imitabuntur
1559 5502 1628 5568 (vale
1653 5503 1714 5570 om.)
1736 5505 1765 5556 s'ss
1790 5523 1843 5557 ras.
1869 5502 1912 5557 F¹

256 5642 291 5707 di
309 5642 500 5717 maumas
523 5656 576 5695 tuso
598 5652 745 5695 versasse.
763 5652 812 5689 css.
832 5634 856 5687 b
924 5632 989 5687 SVO
1007 5629 1033 5681 P
1135 5626 1170 5680 20
1187 5621 1376 5699 expectaoioG
1481 5623 1515 5675 26
1532 5621 1654 5680 michio
1719 5583 1854 5679 nimquam
