4462 6216
699 342 900 398 AUCTORUM
919 343 1067 399 SIDONIO
1088 344 1339 402 ANTERIORUM.
1782 350 1846 412 369

322 513 508 580 SIDONII
524 515 874 585 EPISTULARUM

195 616 232 669 VI
244 618 321 679 lav:
341 618 508 672 venerabilis
522 618 697 687 patriarchae
706 619 807 688 Ioseph
820 619 992 674 historialem
1047 619 1140 674 Genea.
1158 620 1236 684 4139
1245 637 1282 688 sq.
1297 640 1303 673 :
1322 637 1384 674 ecce
1403 622 1510 689 septem
1527 619 1594 673 anni
1614 620 1729 675 venient
1746 620 1846 674 fertili-

297 701 475 771 diligentiam
495 720 694 773 comparemus,
712 704 759 771 qui
780 708 878 759 contra
892 705 994 759 sterili-
1080 704 1148 758 tatis
1166 722 1285 775 magnae
1304 747 1362 767 ....
1387 723 1457 774 quos
1480 709 1632 773 sequentur
1655 710 1761 776 septem
1778 706 1846 760 anni

298 790 385 842 tatem
415 797 522 859 septem
553 789 650 843 uberes
680 806 769 843 annos
804 789 993 846 insecuturam
1080 789 1129 843 alii
1148 792 1246 845 tantae
1264 791 1432 856 sterilitatis,
1451 795 1484 845 ut
1500 807 1614 859 aqaeq.
1640 791 1672 857 es.
1685 791 1719 845 ib.
1732 808 1755 844 a.
1768 793 1846 859 53sq.

297 874 381 928 facile
400 875 523 943 providit
541 875 701 929 remedium.

195 959 231 1014 Vl
245 961 321 1025 128:
341 960 439 1014 uberes
518 961 625 1029 gratias
643 978 706 1031 ago.
731 961 764 1026 cf.
783 962 821 1015 Ill
835 963 884 1023 6,3.
1048 961 1145 1031 Syram.
1164 962 1294 1025 1V2a1:
1314 980 1368 1031 ago
1447 963 1546 1017 uberes
1563 963 1679 1033 gratias.

195 1045 232 1098 VI
246 1046 323 1099 l‘lll:
344 1063 376 1100 ex
395 1047 490 1116 legato
508 1047 624 1101 nuntius
643 1065 697 1102 ero.
1048 1049 1120 1102 Ptin.
1140 1048 1178 1101 IV
1190 1050 1283 1111 lala:
1303 1066 1336 1102 ox
1354 1049 1491 1104 advocato
1509 1050 1626 1104 nunffius
1643 1050 1734 1104 factus
1752 1067 1821 1104 sum.

271 1150 277 1184 :
296 1132 398 1186 amaris
416 1132 550 1195 laudaris,
571 1132 737 1188 desideraris
755 1133 895 1187 excoleris.
1821 1125 1823 1129 ⁷

296 1219 327 1283 cs.
341 1217 424 1281 Vb.3.

272 1323 278 1356 :
298 1303 399 1372 quibus
415 1320 515 1374 operae
527 1304 648 1374 pretium
661 1304 716 1358 fuit
727 1304 786 1358 fieri
799 1307 900 1359 famem
913 1322 991 1359 suam
1045 1306 1116 1360 Ptin.
1131 1307 1229 1375 Punop.
1243 1309 1259 1361 6
1273 1327 1278 1360 :
1298 1308 1320 1361 si
1340 1311 1434 1362 tamen
1447 1310 1517 1363 haec
1534 1308 1594 1362 sola
1611 1309 1672 1361 erat
1689 1307 1763 1362 ratio
1782 1307 1846 1373 (scil.

298 1389 433 1459 periculo,
466 1390 489 1443 si
519 1389 602 1444 aliter
634 1407 692 1444 esse
720 1408 775 1445 non
806 1394 917 1460 poterat
943 1394 993 1446 tua
1075 1383 1190 1462 ¹patriae
1219 1394 1384 1463 periculum)
1416 1413 1488 1464 quae
1518 1396 1546 1448 tc
1582 1392 1711 1463 publicae
1747 1390 1847 1444 salutis

298 1475 415 1545 largitas
434 1475 633 1544 experimento.
663 1478 694 1542 cs.
712 1493 733 1529 c.
750 1476 876 1545 Vbbbsq.
1080 1478 1279 1547 gubernaculis
1298 1481 1467 1543 admoveret,
1485 1497 1573 1550 prope
1591 1482 1634 1534 est
1651 1481 1684 1533 ut
1696 1478 1847 1531 exclamem

1082 1564 1156 1619 tanti
1175 1565 1266 1619 fuisse.

883 1707 919 1712 —
929 1708 1174 1715 ———.—

195 1818 317 1882 Vlll‚3:
336 1818 572 1872 terriculamenta
1047 1821 1129 1890 Apul.
1153 1823 1184 1876 de
1206 1823 1253 1877 deo
1275 1822 1374 1877 Socrat.
1399 1821 1585 1890 (Goldbadscr)
1610 1822 1643 1876 15
1666 1841 1672 1873 ε
1704 1819 1847 1875 terricula·

1081 1911 1218 1964 mentum·

273 2009 279 2042 :
299 1989 334 2041 ad
354 2007 427 2043 nova
506 1991 631 2044 veterum
651 1989 842 2044 Ninivitarum
867 1993 995 2062 exempla
1047 1994 1131 2048 Ionae
1148 1995 1196 2047 Ill.

297 2075 452 2129 decurristi.
484 2076 515 2141 cs.
535 2075 607 2130 risit.
624 2075 749 2142 saura.

197 2161 244 2214 Vll
258 2162 317 2223 lo:
336 2161 437 2215 indicis
455 2161 569 2215 ieiunia.
1048 2165 1131 2219 Ionae
1149 2166 1233 2220 1115:
1253 2163 1485 2233 praedicaverunt
1502 2163 1647 2218 ieiunium.

196 2247 246 2302 Vll
260 2250 318 2310 le:
339 2265 451 2316 sequax.
478 2249 510 2313 cf.
523 2247 561 2301 VI
574 2248 640 2310 las.
661 2247 712 2301 VII
724 2248 788 2310 las.

272 2353 278 2386 :
298 2334 439 2402 inspector
457 2334 600 2402 pectorum
618 2333 694 2387 deus.
1049 2334 1166 2389 Samuel.
1185 2335 1288 2398 1165:
1307 2335 1441 2390 Dominus
1459 2338 1554 2389 autem
1572 2334 1699 2389 intuetur
1716 2351 1770 2389 cor.

194 2419 298 2482 vilar
320 2439 325 2472 :
349 2436 460 2481 oneras,
496 2418 764 2473 consummatissime
799 2421 840 2486 (cll
866 2419 905 2473 IV
927 2422 994 2488 173)
1050 2420 1123 2473 Pan.
1148 2419 1245 2483 lat:
1273 2421 1402 2475 onerabit
1430 2422 1483 2475 hoc
1517 2420 1680 2475 modestiam
1716 2422 1848 2474 nostram.

298 2505 473 2575 pontificum,
499 2505 693 2559 verecundiam
714 2522 816 2569 meam,
841 2507 996 2561 multifaria
1081 2505 1209 2569 114,10:
1233 2523 1289 2560 non
1308 2524 1423 2561 onerare
1442 2524 1505 2561 eum
1529 2506 1668 2562 laudibus.
1700 2506 1739 2561 IX
1756 2505 1847 2569 1331:

297 2591 380 2645 laude
397 2591 573 2646 cumulando.
601 2592 635 2657 cf.
654 2591 692 2644 IX
704 2590 781 2654 14,3;
805 2608 840 2645 ne
919 2609 995 2647 vere·
1081 2591 1164 2645 laude
1183 2593 1345 2647 cumularet.
1377 2593 1510 2659 11111‚8:
1530 2593 1604 2661 quod
1630 2589 1849 2647 metantis

298 2676 428 2731 cundiam
506 2677 637 2731 laudibus
656 2677 750 2731 nimiis
827 2694 995 2746 premamus.
1082 2677 1212 2731 laudibus
1238 2678 1371 2733 cumulat.
1416 2678 1514 2748 Spem.
1530 2679 1583 2734 VH
1602 2679 1687 2742 eal:
1713 2675 1849 2732 onerabat

1082 2761 1277 2817 verecundiam
1295 2781 1394 2818 meam.
1421 2764 1453 2830 cs.
1464 2765 1605 2829 vulsas.
1623 2764 1663 2819 IV
1673 2765 1715 2820 26.

253 2849 279 2900 ἐ
299 2848 419 2918 primore
437 2865 594 2918 congressu.
622 2849 655 2914 τί.
674 2850 714 2902 ΠΙ
727 2850 811 2915 13,11.

272 2954 279 2988 :
298 2934 411 2989 veritati
430 2934 604 2989 resultantia.
633 2935 780 3003 estvm.

273 3039 279 3072 :
299 3019 416 3074 callidus
435 3020 526 3074 viator
545 3019 686 3090 imposuit.
1047 3020 1132 3074 Mart.
1150 3019 1279 3085 moal:
1298 3019 1416 3075 callidus
1435 3021 1576 3091 imposuit.

196 3106 246 3159 Vll
256 3108 317 3170 22:
337 3106 518 3160 insinuatum.
544 3106 576 3171 es.
594 3106 688 3172 110,1.

195 3192 246 3247 VH
256 3194 318 3256 25:
337 3195 394 3247 tam
409 3193 580 3247 laudandum
593 3192 623 3245 in
636 3191 783 3246 iuventute
795 3210 879 3260 quarn
893 3209 993 3247 rarum.
1046 3191 1118 3244 Plio.
1133 3191 1185 3246 VH
1198 3193 1281 3256 sle:
1306 3192 1422 3247 raritate
1445 3191 1508 3261 ipsa
1530 3191 1712 3262 probandum.
1747 3192 1773 3245 11
1786 3190 1845 3254 'l‚3:

1081 3294 1173 3331 rarum
1198 3277 1227 3331 id
1251 3277 1279 3331 in
1305 3277 1414 3332 iuvene.
1439 3279 1601 3343 vulsas:
1625 3294 1718 3331 rarum
1741 3275 1794 3330 hoc
1816 3275 1847 3330 in

1081 3362 1305 3418 adulescentibus
1323 3363 1434 3419 nostris.

199 3448 249 3503 VII
259 3449 323 3510 ab:
342 3448 508 3504 infantulae.
1046 3449 1132 3517 Aput.
1148 3454 1208 3503 met.
1227 3449 1315 3504 X28:
1335 3449 1500 3504 infantulae.

274 3535 366 3589 :ludo
385 3538 453 3605 apta
472 3534 599 3604 virgineo
618 3539 719 3590 scruta.
1048 3533 1143 3590 Claud
1168 3534 1285 3588 XXXVI
1303 3536 1382 3589 162:
1409 3537 1566 3604 cunctaque
1593 3533 1719 3603 virgineo
1750 3551 1848 3603 sparsa

1082 3621 1271 3676 oblectamina
1288 3620 1364 3675 ludo.

198 3706 248 3760 Vll
264 3708 329 3769 28:
358 3705 503 3761 corollario
544 3706 710 3761 facilitatem
745 3706 996 3775 credulitatemque
1050 3704 1514 3771 Placet.Baocb.Vl,lb:misemm
1527 3721 1847 3760 meauroesseomunc-

301 3791 508 3846 munificentiae
528 3792 641 3847 socralis
659 3809 820 3862 emungens.
846 3792 879 3858 cs.
896 3793 934 3847 IX
945 3793 996 3860 7,1.
1083 3796 1151 3849 tum.
1175 3792 1299 3857 thbO:
1313 3808 1463 3862 emungam
1475 3791 1567 3846 hercle
1580 3791 1731 3846 hominem.
1762 3790 1847 3860 Epa.

1051 3964 1151 4019 Terent.
1165 3964 1272 4018 Plione.
1289 3961 1390 4026 lvci.
1419 3962 1489 4018 Hor.
1506 3979 1532 4016 a.
1540 3979 1569 4031 p.
1588 3963 1648 4018 238.

198 4049 249 4103 VII
261 4050 328 4113 29:
352 4053 463 4118 praeter
491 4067 612 4119 aequum
640 4048 819 4119 epistularem
849 4050 996 4105 formulam

301 4134 465 4204 porrigenti.
491 4136 525 4201 cf.
543 4137 617 4199 121.
635 4136 751 4200 v111‚2.
858 4138 864 4146 '

200 4219 340 4285 vualo:
359 4221 504 4291 negotium
524 4222 701 4291 prolixitatis.
1049 4220 1193 4290 Symm..ll
1207 4222 1248 4285 8‚1
1264 4239 1270 4274 :
1289 4219 1395 4274 inillis
1414 4219 1479 4286 (soil.
1499 4219 1613 4286 litteris)
1691 4219 1847 4289 prolixitas.

276 4413 282 4445 ε
302 4410 358 4447 non
376 4396 435 4447 tam
453 4394 615 4462 eloquentes
637 4393 772 4464 epistulas
794 4391 895 4463 recipit
912 4409 995 4461 quam
1050 4391 1122 4446 Ptin.
1133 4389 1247 4456 V20‚5:
1263 4391 1341 4446 aliud
1354 4408 1413 4446 esse
1426 4391 1624 4459 eloquentiam,
1642 4391 1720 4447 aliud
1732 4392 1848 4460 loquen-

303 4480 442 4548 loquaces.
1083 4477 1160 4531 tiam.
1190 4477 1223 4532 rb.
1241 4480 1278 4532 8:
1299 4477 1437 4547 epistulae
1455 4476 1637 4545 loquacitate.

200 4565 322 4628 Vll3‚l:
342 4565 390 4618 diu
416 4565 591 4632 multumque
615 4564 768 4619 deliberavi
787 4582 889 4621 ...an
912 4564 998 4619 desti·
1048 4563 1400 4632 Stat.silu.1praes.:diu
1417 4563 1594 4632 multumque
1611 4561 1740 4618 dubitavi
1758 4581 1848 4617 ...an

303 4669 397 4705 narem
523 4650 804 4716 contestatiunculas,
838 4667 908 4720 quas
937 4649 998 4720 ipse
1083 4651 1133 4704 hos
1151 4649 1263 4704 libellos
1281 4689 1358 4706 .....
1376 4649 1555 4704 dimitterem.

302 4736 414 4792 dictavi.

278 4822 465 4877 :fluminibus
484 4840 580 4891 aquas,
605 4823 682 4877 silvis
701 4822 777 4893 ligna
799 4823 998 4878 transmittere.
1048 4822 1329 4888 Hor.sat.110,34:
1352 4821 1381 4875 in
1405 4821 1505 4876 silvam
1526 4838 1584 4875 non
1608 4819 1688 4891 ligna
1712 4823 1782 4875 feras
1806 4821 1849 4875 in·

1083 4908 1178 4964 sanius
1196 4926 1229 4964 ac
1246 4907 1270 4963 si
1289 4925 1310 4963 e.
1318 4925 1342 4977 q.
1352 4924 1403 4977 seq.
1431 4908 1463 4974 cs.
1482 4908 1586 4961 Aaron.
1601 4907 1631 4960 E
1646 4906 1724 4962 XVII
1736 4909 1816 4976 tlsq.

202 4997 246 5049 Vll
257 4996 319 5055 al:
339 4995 489 5048 insinuare.
517 4995 547 5059 cll
566 4995 659 5060 110,1.

200 5081 251 5135 VII
261 5082 304 5147 452
315 5101 320 5134 :
333 5080 480 5135 sacerdotii
493 5080 638 5149 fastigium
692 5080 824 5136 comitate
878 5081 998 5138 flectitis.
1050 5080 1146 5135 Claud.
1159 5080 1277 5135 XXVIII
1286 5079 1320 5135 64
1333 5099 1340 5133 :
1358 5078 1479 5134 inclinat
1490 5078 1595 5149 populo
1607 5079 1701 5149 regale
1713 5078 1851 5135 modestia

1084 5167 1203 5222 culmen.

202 5253 253 5307 VH
261 5254 323 5317 Ia:
342 5252 529 5307 conscientiae
548 5252 621 5306 dote.
648 5253 681 5318 cs.
699 5253 725 5305 11
738 5254 787 5316 al.

200 5339 324 5405 vilar:
344 5339 366 5392 si
385 5357 469 5408 quam
489 5341 603 5408 paratus
628 5339 770 5393 iuvenitur
793 5341 910 5408 emptor,
934 5358 1000 5394 ven·
1050 5340 1115 5396 Sall.
1134 5340 1193 5407 Iup.
1211 5339 1308 5403 35‚10:
1329 5336 1425 5391 urbem
1448 5337 1575 5392 venalem
1599 5339 1628 5392 et
1650 5340 1759 5391 mature
1777 5337 1850 5406 peri·

303 5425 378 5480 ditor
396 5429 454 5478 tam
473 5425 636 5494 desperatus
654 5424 834 5479 inveniretur.
1085 5429 1186 5491 turam,
1205 5425 1228 5479 si
1247 5425 1400 5493 emptorem
1419 5422 1566 5477 invenerit

200 5511 323 5574 Vnae:
342 5510 575 5580 praerogativam.
602 5511 633 5576 cs.
651 5512 725 5572 112.

200 5596 323 5664 Vnae:
343 5596 520 5651 malesuadus
598 5596 744 5666 interpres.
796 5633 799 5639 ·
1052 5596 1145 5651 Pare.
1159 5594 1344 5658 Mestleta.
1379 5592 1534 5663 Veram
1545 5592 1662 5649 vlrle:
1680 5593 1849 5650 malesuada.

304 5748 431 5808 Smoams.
505 5801 508 5805 ,
1080 5812 1086 5823 .
1288 5783 1291 5788 -
1610 5744 1644 5802 47
