4462 6216
831 360 883 415 vu
902 378 927 414 v.
943 363 995 419 431
1014 390 1047 401 -
1067 378 1091 414 v.
1109 352 1191 423 nra·
1289 346 1293 353 ’

542 554 595 596 res
619 530 754 605 Geticas
778 534 870 610 olim3
894 536 957 600 scis
980 541 1013 601 te
1038 537 1184 603 nescisse
1207 538 1396 622 frequenter

544 656 627 720 quae
652 638 740 703 suasi
755 638 828 715 ‚nisi
850 638 946 703 facta.
991 645 1100 719 tansep
1123 641 1254 719 fortuna
1276 641 1417 727 priorem

544 737 687 825 abripuit
710 740 858 824 geninm;
881 741 978 828 periit
1001 741 1227 828 quodcumque
1251 743 1401 824 merebar

474 854 511 892 ⁴1⁵
545 863 618 909 cum
643 844 792 927 genitore
807 851 882 923 tuo.
927 844 1116 911 Narbonem
1139 845 1216 911 tabe
1240 847 1381 927 solutum

544 936 703 1023 ambierat
725 946 776 1032 (tu
799 969 919 1034 parvus
944 948 1044 1034 eras),
1068 949 1268 1036 trepidantia
1291 951 1425 1039 cingens

544 1051 688 1129 rniliain
712 1052 853 1129 infamas
878 1053 943 1119 mm
967 1054 1097 1139 iamque
1121 1062 1277 1140 coegerat
1298 1076 1405 1137 escam

543 1155 608 1217 iarn
631 1156 735 1223 tristis
758 1157 909 1243 propriae
934 1156 1091 1231 credebat
1113 1157 1225 1223 defore
1247 1158 1401 1245 praedae,

542 1258 569 1321 si
592 1260 721 1324 clairsus
744 1261 885 1325 fortasse
909 1262 1005 1347 perit,
1029 1282 1103 1327 cum
1126 1268 1238 1341 nostra
1260 1262 1410 1349 probavit

473 1374 511 1413 ⁴⁸⁰
544 1361 681 1439 consilia
704 1370 737 1428 et
760 1362 874 1450 refugo
899 1365 1024 1429 laxavit
1046 1367 1177 1431 moenia
1199 1366 1299 1431 bello.

544 1470 641 1550 teque
665 1467 772 1552 ipsum
796 1467 888 1552 (sunt
911 1488 987 1535 ecce
1012 1468 1125 1554 senes)
1149 1470 1210 1534 hoc
1233 1477 1367 1557 pectore
1382 1470 1507 1551 ,fultum

545 1567 607 1633 hae
631 1569 765 1635 flentem
789 1577 926 1636 tenuere
950 1593 1075 1652 manns,
1100 1574 1126 1637 si
1150 1573 1288 1654 forsitan
1311 1573 1411 1655 altrix

544 1678 577 1735 te
600 1673 689 1754 mihi,
713 1694 786 1749 eum
809 1676 924 1757 nolles,
948 1676 1136 1750 lactandum
1160 1678 1303 1743 tolieret.
1347 1697 1425 1743 ecco

543 1773 682 1841 advenio
706 1784 740 1840 et
761 1777 863 1863 prisci
886 1787 1001 1867 repeto
1015 1779 1121 1860 modo
1135 1781 1264 1867 'pignus
1286 1781 1415 1859 amoris.

477 1890 515 1930 ⁴⁸⁵
549 1879 577 1942 si
600 1878 660 1942 tibi
674 1881 774 1957 ,nulla
796 1882 890 1963 fides,
914 1883 1004 1949 nulla
1027 1891 1077 1951 est
1101 1885 1286 1952 reverentia
1307 1884 1419 1970 patris,

544 1983 554 2045 i
578 1981 677 2055 durau
701 1986 1021 2072 pacemqnenegast’
1067 1987 1420 2074 prorumpitabomni

544 2106 689 2153 murmur
712 2088 849 2154 concilio
872 2090 1086 2175 fremitusque
1110 2098 1144 2155 et
1165 2091 1292 2178 proelia
1313 2091 1471 2156 mutuans

546 2187 701 2257 seditiosa
724 2192 789 2257 ciet
812 2192 1005 2273 concordem
1030 2194 1125 2269 turba
1147 2195 1333 2261 tumultum.

545 2297 612 2355 tum
638 2313 697 2358 rex
721 2295 856 2361 effatur:
892 2295 1045 2375 “dudum
1069 2296 1136 2361 dun
1160 2296 1281 2378 inclite,
1305 2298 1401 2383 culpo

476 2408 515 2445 1-1)
546 2415 684 2480 poscere
709 2404 740 2461 te
763 2420 880 2485 pacem
904 2407 1059 2478 nostram,
1083 2422 1157 2466 cnm
1181 2401 1429 2488 cogerepossis

547 2501 882 2582 servitium‚,trahere
906 2525 944 2568 ac
968 2505 1105 2591 populos
1129 2506 1162 2570 in
1187 2505 1275 2569 bella
1298 2526 1467 2590 sequaces.

547 2626 598 2684 oe,
623 2627 756 2691 quaeso,
779 2606 937 2671 invidiam
960 2607 1066 2693 patrio
1090 2607 1169 2671 mihi
1193 2608 1324 2672 nomine
1347 2607 1470 2671 inuras:

548 2707 625 2793 quid
648 2729 786 2789 mereor,
811 2710 838 2772 si
861 2709 952 2774 nulla
975 2709 1089 2775 iubes?
1113 2709 1253 2775 suadere
1277 2708 1337 2773 snb
1361 2708 1417 2772 iilo

547 2810 636 2901 pund
659 2817 801 2897 poteras,
824 2811 920 2875 modo
942 2812 1028 2879 velle
1052 2818 1104 2877 sat
1126 2819 1188 2891 est,
1210 2811 1381 2897 solumque
1404 2818 1558 2881 moratur,

507 2953 512 2964 ·
550 2913 636 3000 quod
659 2914 771 3000 cupias
794 2914 940 2979 nescisse
966 2914 1078 2980 Getas.
1123 2915 1202 2980 mihi
1225 2915 1366 2980 Romula
1388 2913 1510 2979 dudum

548 3038 608 3103 per
631 3024 664 3083 te
688 3018 759 3082 iura
781 3018 924 3103 placent,
947 3039 1149 3104 parvumque
1173 3016 1321 3084 ediscere
1344 3017 1439 3099 iussit

546 3120 587 3184 ad
611 3127 668 3185 tua
690 3120 792 3185 verba
815 3127 919 3206 pater,
944 3120 1041 3187 docili
1065 3142 1127 3206 quo
1150 3123 1260 3207 prisca
1281 3120 1428 3187 Maronis

547 3223 690 3288 carmine
714 3223 856 3289 molliret
880 3224 1053 3309 Scythicos
1077 3224 1156 3288 mihi
1178 3224 1301 3310 pagina
1323 3245 1446 3296 morem

546 3328 609 3395 iam
633 3349 747 3412 pacem
772 3333 841 3392 tum
865 3327 951 3392 velle
975 3327 1083 3394 doces.
1130 3328 1187 3393 sod
1212 3327 1354 3414 percipe,
1378 3349 1463 3413 quoe
1488 3328 1530 3391 sit

478 3446 495 3477 ³1·
546 3430 692 3515 condicio
715 3429 880 3516 obsequii:
907 3430 1017 3497 forsan
1041 3438 1112 3496 rata
1137 3437 1234 3518 pacta
1256 3430 1421 3517 probabis.

547 3540 660 3613 testor,
683 3532 798 3614 Roma,
822 3540 913 3601 tuum
935 3534 1032 3599 nobis
1056 3535 1246 3602 venerabile
1269 3556 1388 3600 nomen

547 3642 580 3701 et
603 3636 729 3701 socium
752 3636 793 3702 de
817 3637 923 3703 Marte
947 3659 1053 3723 genus
1077 3638 1144 3723 (vol
1165 3637 1321 3725 'quioquid
1343 3638 1386 3703 ab
1413 3660 1507 3720 aevo,

547 3740 592 3804 nii
616 3746 649 3805 te
672 3739 812 3805 mundus
835 3741 938 3825 habet
960 3743 1089 3822 melius,
1112 3743 1158 3807 nii
1181 3744 1254 3828 ipsa
1277 3742 1420 3828 senatu),

549 3866 600 3908 me
623 3865 738 3930 pacem
763 3865 894 3921 servare
919 3845 979 3911 tibi
1002 3848 1056 3911 vel
1079 3847 1165 3917 veile
1188 3846 1322 3912 abolere

431 4036 436 4041 Ι
479 3987 509 3999 ··
551 3970 635 4033 quae
659 3954 771 4015 noster
793 3950 943 4035 peccavit
966 3972 1057 4030 avus,
1082 3971 1177 4036 quem
1202 3952 1310 4032 fuscat
1333 3949 1365 4014 id
1388 3970 1498 4025 unum,

551 4051 635 4137 quod
659 4059 702 4132 te,
726 4051 842 4134 Roma,
866 4054 967 4139 capit;
992 4054 1049 4118 sed
1073 4054 1105 4117 di
1130 4054 1157 4119 si
1182 4060 1259 4127 vota
1282 4052 1473 4132 secundant,

549 4156 675 4221 excidii
699 4156 819 4222 veteris
844 4156 966 4223 crimen
989 4178 1130 4244 purgare
1153 4157 1276 4221 valebit

549 4260 629 4323 ultio
653 4260 847 4346 praesentis,
871 4261 897 4325 si
922 4267 967 4338 tu,
991 4259 1059 4325 dux
1082 4260 1205 4339 inclite,
1229 4261 1334 4325 solum

550 4363 691 4449 Augusti
714 4362 835 4428 subeas
858 4383 992 4428 nomen.
1022 4361 1113 4447 ,quid
1137 4362 1260 4427 lumina
1283 4362 1409 4429 flectis?

480 4483 518 4518 nc
550 4467 686 4531 invitum
709 4467 784 4551 plus
808 4487 880 4531 esse
904 4465 1010 4531 decet.
1057 4486 1122 4531 non
1146 4466 1292 4551 cogimus
1316 4465 1413 4545 istud,

549 4569 607 4634 sed
631 4576 867 4635 contestemur:
900 4569 1026 4634 Rornae
1051 4589 1123 4632 sum
1146 4575 1179 4634 te
1202 4568 1285 4634 duce
1309 4569 1443 4647 amicus,

548 4673 694 4759 principe
717 4678 749 4738 te
774 4674 879 4737 miles.
928 4693 1063 4758 regnum
1086 4694 1151 4737 non
1175 4672 1337 4757 praeripis
1360 4671 1429 4749 ulli,

550 4798 611 4841 nec
634 4777 806 4861 quisquam
820 4776 944 4846 ¹Latias
967 4774 1314 4867 Augustuspossidet
1335 4795 1444 4849 arcos;

550 4901 614 4966 qua
636 4886 742 4960 vacat,
767 4881 842 4945 auia
865 4887 921 4944 tua
945 4887 1005 4944 est.
1052 4887 1165 4959 testor,
1189 4899 1254 4943 non
1277 4877 1398 4942 sufficit
1420 4878 1516 4957 istud,
1610 4864 1616 4873 ’

480 4999 517 5036 ⁵1⁵
549 5005 590 5048 ne
614 5004 764 5055 noceam;
788 4989 887 5068 atquo
912 4990 967 5048 tuo
991 4982 1053 5047 hoc
1076 4984 1201 5047 utinam
1225 4980 1410 5046 diademate
1433 4983 1501 5059 fiat,

288 5159 340 5212 473
358 5162 384 5211 ni
398 5160 430 5209 Μ
491 5162 558 5211 tircta
575 5177 591 5210 a
602 5157 650 5208 M⁸
748 5154 799 5208 474
818 5158 926 5223 arripuit
943 5156 967 5206 Τ
966 5159 988 5207 t'
1082 5154 1134 5207 475
1151 5155 1265 5206 rrarbone
1278 5154 1306 5204 F
1400 5152 1452 5206 476
1469 5156 1572 5220 tingens
1584 5154 1613 5205 F
1705 5151 1754 5204 477
1774 5155 1834 5204 iam·

184 5247 244 5315 qna]
264 5250 314 5301 iam
333 5249 361 5299 F
483 5243 740 5297 cressonessart!
823 5245 897 5310 periit
914 5261 973 5295 cnm
991 5251 1076 5294 vestra
1088 5243 1117 5293 F
1237 5239 1288 5292 481
1310 5243 1405 5295 fultum
1422 5240 1475 5303 FF,
1497 5243 1577 5306 fatum
1595 5240 1626 5291 Μ
1630 5250 1652 5304 ⁸,
1677 5241 1758 5290 fotum
1776 5238 1809 5289 Μ
1812 5237 1835 5302 ¹²,

178 5336 295 5399 fortasse
313 5343 377 5385 recle
481 5331 532 5384 482
551 5329 608 5398 hae]
628 5339 653 5382 te
665 5331 694 5382 F
759 5331 858 5382 flectam
870 5330 904 5380 Μ
969 5330 1048 5391 t'orsin
1066 5329 1098 5379 Μ
1199 5325 1251 5380 483
1273 5326 1308 5395 te]
1327 5337 1390 5380 tunc
1401 5327 1430 5379 F
1495 5328 1561 5391 stolis
1573 5327 1603 5376 Μ
1705 5325 1756 5377 487
1775 5343 1833 5377 enn-

184 5421 241 5473 silio
259 5421 284 5470 Τ
332 5421 511 5484 fremitumque
524 5418 557 5467 Μ
646 5415 697 5468 488
713 5417 804 5468 reditio
821 5417 901 5468 saciet
917 5416 1042 5467 concorde
1056 5414 1088 5465 Μ
1143 5415 1207 5465 tuba
1218 5414 1247 5465 F
1337 5411 1387 5463 491
1405 5410 1446 5479 ac]
1465 5414 1497 5465 nd
1509 5413 1538 5464 F
1626 5410 1838 5475 eberniensi!

174 5505 235 5558 496
260 5524 369 5574 parsum
392 5523 457 5572 quac
475 5505 558 5556 (licere
575 5505 608 5556 Μ
719 5499 770 5553 497
788 5503 812 5552 d.
831 5498 866 5568 q.]
890 5501 1037 5553 docilieoG
1148 5498 1202 5553 500
1225 5497 1289 5566 oba]
1313 5500 1392 5551 officii
1413 5499 1451 5549 T⁸
1565 5497 1615 5550 501
1642 5515 1738 5550 numan
1752 5499 1834 5565 arrigo

186 5592 239 5646 502
257 5601 337 5645 morte
354 5592 404 5642 ΜΙ
524 5589 576 5642 506
600 5590 635 5641 dii
649 5589 698 5640 OF
779 5589 922 5641 secundent
933 5587 966 5637 Μ
969 5596 983 5624 ¹
1103 5584 1154 5639 507
1178 5587 1273 5637 crimen
1296 5585 1389 5637 veteris
1405 5584 1431 5637 Τ
1545 5582 1594 5636 511
1617 5590 1801 5649 cumtestamur
1815 5583 1841 5636 Τ

186 5697 206 5732 s.
224 5677 253 5748 t]
272 5687 389 5747 sumptae
409 5677 431 5730 G
531 5675 583 5730 512
599 5676 689 5744 arripis
706 5674 740 5727 Μ
839 5671 892 5729 515
908 5683 953 5726 tuo
971 5690 1020 5726 ooo.
1037 5671 1062 5723 Τ
1131 5673 1180 5735 boe
1197 5688 1245 5724 otro.
1263 5672 1297 5723 Μ
