4462 6216
770 333 880 396 LIBER
897 334 932 406 u,
954 333 1047 396 xxm
1065 335 1081 410 ξ
1098 337 1115 395 9
1134 369 1166 382 -·
1184 334 1303 396 uxum
1321 337 1338 408 t
1356 337 1380 396 3.
1835 338 1898 406 333

261 529 501 597 nonnumquam
534 519 567 578 et
601 513 785 606 suspiriosis
819 515 950 580 flatibus
985 516 1166 581 excitemus
1199 521 1233 580 et
1265 514 1426 579 interdum
1461 513 1609 581 dulcibus
1642 513 1735 578 nobis
1768 514 1898 580 fletibus
1954 512 1987 584 G

259 618 441 700 irrigemus.
481 638 544 702 quo
559 623 668 681 tamen
688 618 744 682 ille
763 617 867 683 imbre
883 619 1032 704 perfusus
1049 625 1170 704 quanto
1187 619 1290 703 magis
1307 618 1456 698 inficitur,
1480 624 1571 682 tanto
1587 619 1691 702 magis
1705 617 1898 700 incenditur,
1930 624 1950 682 4

260 721 335 804 quis
351 741 410 805 per
426 720 631 784 lacrimarum
657 721 783 806 copiam
806 719 1042 786 desideriorum
1067 727 1165 806 etque
1188 722 1363 785 affectuum
1387 722 1506 786 erescit
1528 722 1667 801 flamma,
1691 743 1756 785 non
1779 721 1897 788 deficit.

259 823 344 887 hunc
362 843 467 907 ergo,
498 823 526 885 si
548 822 698 887 dominus
726 825 800 909 piae
828 824 1011 889 definitioni
1034 832 1162 889 restrae
1183 823 1345 889 tribuetur
1366 825 1484 905 fautor,
1511 826 1664 891 ellectum
1686 825 1779 889 vobis
1803 846 1897 911 prae·
1930 829 1950 888 5

220 941 231 976 τι
260 926 408 991 sentibus
431 946 627 1010 percensere
650 926 769 991 festino
793 932 826 991 et
849 927 934 991 ellici
956 926 1137 1014 discipulus
1159 926 1200 992 de
1223 928 1389 1012 magistro,
1417 929 1580 1013 quianon
1602 950 1654 992 me
1677 928 1779 1013 pudet
1802 930 1899 994 etiam

259 1030 292 1093 iu
316 1029 376 1092 hao
400 1034 508 1092 aetate
531 1050 592 1093 nec
614 1031 705 1116 piget
728 1029 1044 1117 discipuli,erripere
1066 1030 1273 1111 industriam,
1304 1030 1476 1096 dummodo
1505 1033 1679 1097 affectatae
1711 1033 1792 1096 artis
1822 1054 1898 1096 cou-

259 1154 379 1217 sequar
401 1131 615 1218 disciplinam.
660 1133 750 1218 prius
774 1134 861 1198 euim
885 1133 1022 1219 quilibet
1042 1132 1141 1198 debet
1164 1133 1291 1198 discere
1314 1156 1412 1220 quem
1435 1135 1561 1213 docere,
1585 1137 1661 1220 quia
1682 1156 1900 1221 praepropere
1932 1138 1951 1198 6

258 1236 401 1300 doctoris
436 1240 573 1320 usurpat
606 1236 830 1322 supercilium,
869 1238 930 1300 nisi
960 1236 1110 1321 discipuli
1142 1238 1323 1322 susceperit
1352 1246 1428 1302 aute
1458 1239 1659 1303 famulatum.
1708 1239 1785 1323 quid
1813 1239 1900 1303 euim
1934 1241 1951 1301 7

258 1341 388 1417 iustius,
422 1360 518 1424 quam
546 1345 583 1403 ut
612 1340 682 1424 ipse
707 1341 752 1404 sis
775 1341 900 1426 paterni
923 1341 1083 1427 interpres
1107 1341 1243 1427 eloquii,
1272 1343 1327 1426 qui
1349 1343 1501 1407 universa
1523 1363 1607 1428 quae
1631 1343 1684 1407 ille
1708 1341 1901 1426 conscripsit

209 1458 233 1495 1⁰
259 1465 322 1506 non
345 1450 412 1506 tam
435 1442 476 1508 de
501 1441 621 1506 codicis
643 1443 833 1507 membrana
856 1464 953 1528 quam
976 1443 1016 1508 de
1041 1443 1148 1509 cordis
1170 1451 1262 1530 potes
1286 1445 1406 1530 pagina
1428 1445 1592 1531 prolerre?
1638 1445 1728 1509 cuius
1744 1466 1803 1508 vos
1827 1465 1900 1507 esse
1932 1445 1951 1506 8

260 1546 357 1626 filios,
388 1566 453 1609 non
487 1545 591 1610 solum
613 1547 835 1630 generositate
860 1547 1049 1632 prosapiae,
1080 1567 1193 1612 verum
1224 1549 1322 1613 ctiam
1352 1555 1385 1612 et
1407 1549 1615 1633 eloquentiae
1638 1548 1717 1613 flore
1752 1553 1784 1611 et
1814 1547 1900 1610 omni

264 1649 416 1712 virtutum
440 1668 561 1732 genere
585 1649 811 1733 comprobetis,
835 1670 919 1734 quae
942 1649 1029 1714 bona
1051 1651 1145 1714 vobis
1168 1657 1320 1715 nontam
1343 1651 1490 1715 doctrina
1506 1652 1641 1716 contulit
1657 1672 1753 1737 quem
1768 1658 1899 1718 natura:

261 1755 337 1838 quia
365 1755 453 1817 rivus
482 1753 522 1816 de
551 1753 640 1817 fonte
669 1775 883 1840 prorumpens
907 1755 983 1818 licet
1004 1754 1134 1819 fluendo
1158 1755 1305 1842 proficiat
1328 1761 1360 1818 et
1382 1754 1616 1840 plenitudinem
1641 1753 1799 1818 currendo
1822 1774 1899 1818 cou-

259 1857 378 1941 quirat,
408 1857 532 1920 auctori
565 1864 672 1921 tamen
706 1855 792 1921 unde
827 1858 924 1921 sumit
955 1858 1150 1922 vocabulum
1184 1857 1282 1923 debet
1316 1865 1349 1922 et
1382 1858 1544 1923 meritum.
1599 1879 1696 1943 quem
1731 1858 1758 1921 si
1792 1857 1901 1920 divina
1933 1859 1952 1919 9

209 1975 234 2012 ¹⁵
262 1960 436 2024 clementia
458 1981 560 2045 usque
583 1959 625 2024 ad
647 1959 709 2024 hoo
732 1966 861 2046 tempus
886 1982 1060 2046 superesse
1077 1962 1243 2040 voluisset,
1267 1962 1350 2025 sicut
1371 1961 1435 2024 iam
1451 1967 1520 2024 tum
1536 1959 1576 2024 de
1592 1966 1703 2025 vestra
1718 1961 1899 2024 imitatione

259 2061 451 2140 laetabatur,
483 2063 529 2126 ita
551 2083 636 2126 nunc
659 2061 699 2127 de
722 2063 925 2148 perfectione
948 2064 1121 2149 gauderet,
1152 2086 1224 2129 cum
1249 2085 1341 2150 spem
1363 2063 1406 2129 ad
1429 2086 1496 2129 rem
1526 2070 1671 2128 cerneret
1699 2065 1900 2150 pervenisse,

259 2186 318 2230 nec
342 2165 403 2229 sibi
427 2165 589 2230 invideret
612 2168 793 2251 aequalem,
817 2189 913 2252 quem
936 2173 1105 2254 optaverat
1127 2190 1199 2233 esse
1223 2169 1400 2233 meliorem.

1008 2457 1151 2529 xxvn.

842 2579 1177 2681 iunu'niusnnu
1200 2616 1318 2683 nuru.

206 2767 232 2804 ²⁰
368 2729 561 2839 Quauurosr
594 2781 653 2844 per
689 2759 858 2824 diaconem
892 2761 1019 2825 Iustum
1057 2782 1122 2825 nou
1154 2763 1329 2826 meruerim
1362 2763 1489 2827 litteras
1523 2763 1656 2848 benigni
1690 2765 1833 2851 pectoris
1868 2770 1900 2828 et
1934 2768 1944 2825 1

257 2866 388 2931 facundi
410 2865 475 2928 oris
504 2866 667 2950 accipere,
698 2864 816 2949 quibus
845 2870 877 2927 ct
909 2864 1091 2929 erudiretur
1118 2865 1285 2950 ingenium
1317 2872 1351 2930 et
1380 2864 1576 2932 desiderium
1606 2875 1804 2953 pasceretur,
1836 2889 1899 2952 ego

257 2976 383 3046 tamen,
414 2968 467 3052 qui
492 2967 578 3031 malo
601 2967 799 3031 affectuosus
823 2968 963 3032 rusticus
987 2989 1083 3055 quam
1106 2969 1249 3033 urbanus
1272 2969 1391 3054 impius
1414 2969 1565 3049 iudicari,
1598 2971 1761 3036 scribendi
1783 2991 1899 3057 oppor-

260 3072 434 3137 tunitatem
457 3071 535 3135 mihi
558 3071 664 3157 perire
687 3090 751 3134 non
774 3091 892 3156 passus
916 3093 1002 3142 eumz
1031 3078 1145 3158 utpote
1168 3072 1222 3157 qui
1245 3072 1326 3137 mihi
1348 3073 1456 3152 nolim,
1480 3094 1544 3138 non
1566 3072 1673 3138 dicam
1696 3075 1899 3138 occasionem

257 3175 434 3252 scribendi,
465 3173 523 3238 sed
552 3194 612 3238 nec
635 3172 766 3237 ridendi
789 3195 846 3240 vos
873 3176 969 3240 unius
998 3177 1105 3241 saltim
1137 3176 1238 3241 horae
1269 3177 1409 3263 spatium
1439 3176 1598 3264 deperire.
1642 3176 1780 3262 ideoque
1810 3178 1899 3242 salve
1932 3180 1952 3240 2

205 3292 230 3331 2⁵
257 3279 430 3365 plurimum
453 3277 526 3341 dico
550 3284 583 3341 et
605 3298 698 3360 rogo,
728 3284 765 3342 ut
791 3279 861 3343 sine
890 3279 1051 3343 communi
1080 3278 1273 3345 detrimento
1296 3287 1329 3344 et
1351 3281 1521 3366 utriusque
1543 3317 1594 3345 s..
1622 3278 1811 3368 compendio
1840 3301 1899 3344 nos

259 3402 402 3467 semper,
431 3381 671 3466 opportunitate
694 3388 859 3467 porrecta,
889 3383 1007 3448 litteris
1030 3382 1146 3448 restris
1168 3384 1341 3448 inlustrare
1364 3384 1555 3469 dignemini,
1585 3385 1662 3469 quia
1692 3382 1779 3470 quod
1805 3382 1899 3448 nobis

258 3486 291 3549 in
321 3485 439 3548 affectu
470 3484 656 3570 impenditis
687 3505 752 3549 non
784 3485 983 3572 expenditis,
1014 3484 1100 3571 quod
1128 3486 1271 3551 tribuitis
1299 3507 1364 3552 nou
1391 3488 1541 3553 amittitis
1570 3494 1604 3552 et
1632 3487 1717 3571 quod
1745 3486 1838 3550 nobis
1866 3486 1898 3549 iu

260 3588 372 3652 charta
394 3587 612 3652 transmittitis
635 3587 803 3653 vobiscum
827 3588 925 3654 corde
949 3589 1104 3654 retinetis.

999 3877 1161 3944 XXVIII.

677 4032 893 4098 RURIOIUS
916 4032 1126 4099 OMMATIO
1150 4032 1237 4099 SUO
1261 4032 1482 4099 SALUTEM.

366 4150 429 4244 Sin
452 4200 471 4242 a
493 4179 617 4264 pietate
640 4185 751 4244 vestra
772 4179 922 4259 discessi,
952 4178 1038 4264 quod
1061 4201 1081 4243 a
1104 4179 1197 4244 vobis
1220 4179 1351 4264 penitus
1382 4197 1447 4242 non
1474 4178 1614 4252 recessi;
1646 4178 1679 4242 in
1701 4178 1815 4244 eadem
1838 4200 1897 4244 vos
1932 4183 1945 4241 1

259 4290 352 4370 parte
376 4283 514 4346 hominis
545 4283 705 4347 interioris
736 4283 887 4365 exhibui,
918 4283 951 4346 in
980 4305 1043 4368 qua
1065 4282 1156 4347 vobis
1183 4284 1336 4349 remansi.
1381 4282 1464 4363 scio,
1493 4282 1569 4367 quia
1598 4281 1717 4346 ibidem
1747 4284 1897 4361 remansi,

259 4386 345 4451 unde
373 4408 425 4449 me
456 4407 516 4450 nec
547 4385 719 4450 insidiator
747 4383 900 4473 antiquus
933 4387 1040 4474 potuit
1068 4407 1173 4473 neque
1205 4408 1320 4451 recens
1355 4385 1543 4450 consiliator
1577 4385 1761 4450 excludere.
1812 4385 1897 4450 unde
1929 4388 1949 4449 2

260 4491 357 4555 etiam
389 4489 551 4553 sententia
579 4489 665 4552 illius
693 4510 752 4554 ros
783 4491 1016 4577 sapientissimi
1046 4490 1229 4556 Salomonis
1259 4491 1434 4572 admoneo,
1464 4488 1525 4568 fili,
1557 4509 1603 4552 ne
1632 4488 1897 4574 derelinquas

208 4607 232 4646 ³⁵
259 4595 424 4659 amioum
465 4593 690 4677 antiquum,
731 4615 855 4659 novus
896 4596 1001 4661 enim
1041 4615 1115 4659 non
1154 4595 1232 4660 erit
1273 4593 1416 4658 similis
1460 4591 1532 4657 illi.
1588 4592 1719 4656 sinum
1757 4613 1896 4656 norum

260 4698 409 4760 amicus
432 4717 570 4770 novus;
586 4703 829 4776 veterescat,
853 4705 893 4764 et
916 4720 1003 4763 cum
1027 4698 1245 4763 suavitate
1267 4697 1381 4762 bibes
1403 4695 1520 4762 illud.
1557 4702 1590 4760 et
1605 4695 1678 4760 ideo
1693 4719 1753 4761 nos
1769 4704 1896 4763 vetere-

262 4821 389 4864 soamus
420 4800 452 4862 in
479 4800 630 4864 amicitiis
659 4809 693 4866 et
722 4801 764 4867 de
791 4802 843 4866 die
873 4803 906 4865 in
935 4801 1023 4867 diem
1053 4802 1224 4867 effectibus
1247 4801 1448 4866 innovemur.
1494 4798 1578 4884 quod
1602 4800 1629 4864 si
1652 4800 1775 4864 amicus
1798 4802 1895 4865 relin—
1929 4804 1948 4864 3

261 4903 408 4989 quendus
433 4925 496 4967 non
521 4910 581 4985 cst,
606 4912 725 4989 quanto
749 4907 853 4991 magis
876 4911 981 4991 peter,
1005 4906 1060 4991 qui
1081 4903 1209 4988 erudiit,
1229 4905 1283 4991 qui
1305 4905 1447 4984 nutrivit,
1471 4902 1535 4987 qui,
1558 4901 1733 4967 adiuvante
1756 4903 1897 4983 domino,

582 5063 669 5070 —-.

361 5163 395 5215 34
412 5161 495 5217 Eccli.
515 5162 562 5227 IX,
580 5163 621 5218 14.
640 5163 681 5219 15.

361 5299 524 5368 25110161,
547 5304 652 5354 ilioe²
767 5302 936 5357 edesseno
1049 5301 1203 5371 bputetG
1317 5297 1529 5370 lpraepropere]
1551 5302 1677 5366 Carcinites,
1700 5316 1855 5369 praeponere
1875 5300 1899 5349 0

261 5387 295 5438 10
312 5385 346 5439 ds
363 5390 445 5439 cordis
463 5397 546 5455 potest
566 5390 605 5440 6¹
659 5393 748 5442 nosti
842 5390 876 5442 22
895 5388 1011 5457 iudicari]
1033 5391 1081 5454 6²,
1104 5391 1210 5442 indicari
1230 5389 1268 5441 0¹
1364 5387 1398 5439 23
1415 5405 1506 5455 passus
1523 5384 1590 5454 snm]
1610 5403 1713 5454 passum
1734 5387 1758 5436 (l
1808 5383 1896 5451 nolim]

259 5474 416 5539 Istljobann,
433 5476 460 5525 in
472 5476 516 5525 olli
531 5476 562 5537 G,
579 5476 672 5527 nollem
688 5477 806 5529 Oeneius
893 5475 927 5528 24
945 5478 1049 5529 uidendi
1062 5494 1108 5528 nos
1120 5477 1164 5528 sad
1176 5493 1223 5528 nec
1234 5476 1362 5527 scribendi
1374 5475 1438 5525 corsi
1451 5474 1592 5524 Mammam
1638 5473 1735 5524 orceo
1786 5473 1858 5545 snlug
1872 5468 1898 5521 G

258 5558 527 5622 aurelianense
575 5562 695 5625 suppleas
712 5578 771 5613 cum
857 5559 891 5613 26
908 5563 1088 5629 dignaminibl
1171 5558 1207 5610 30
1223 5560 1346 5611 ommacio
1361 5561 1385 5610 (l
1468 5559 1500 5610 31
1520 5560 1557 5610 sic
1574 5557 1601 5625 a]
1620 5559 1695 5610 sicG
1780 5556 1815 5609 34
1832 5558 1896 5609 solo·

258 5647 385 5698 monisO
455 5645 544 5696 aliie
646 5645 680 5698 36
697 5649 832 5699 ueteriscst
853 5648 884 5711 0,
903 5655 1044 5700 ueteraacet
1063 5646 1134 5713 Vulp.
1202 5646 1314 5697 bibisG
