4462 6216
870 1318 883 1349 .
954 1228 1114 1350 GAI
1150 1227 1437 1352 SOLLII

465 1506 1354 1676 APOLLINARIS
1420 1506 1926 1673 SIDONII

743 1817 1642 1984 EPISTULARUM

878 2137 1132 2260 meua
1169 2136 1512 2259 saurus,

1069 2408 1327 2418 -—-——·

1182 2629 1209 2693 I.

703 2783 915 2852 SIDONIUS
939 2783 1118 2850 DOMINO
1141 2781 1291 2849 PAPAE
1315 2780 1434 2848 LUPO
1459 2780 1682 2849 SALUTEM.

319 2929 331 2987 l
474 2905 697 3002 Berscrcrrsa
729 2934 861 3020 spiritus
890 2935 1023 2996 sanctus
1052 2936 1086 2995 et
1113 2937 1208 3017 pater
1230 2928 1284 2996 dei
1307 2930 1556 3018 omnipotentis,
1586 2929 1671 3016 quod
1693 2939 1744 3013 tu,
1772 2937 1867 3017 pater
1889 2936 2019 3016 patrum

367 3043 401 3102 et
423 3035 598 3125 episcopus
627 3037 856 3124 episcopcrum
883 3039 916 3099 et
943 3035 1028 3100 alter
1057 3033 1181 3099 saeculi
1210 3031 1256 3098 tui
1288 3033 1445 3115 Iacobus,
1477 3033 1518 3101 de
1545 3033 1684 3120 quadarn
1712 3035 1847 3121 specula
1873 3033 2018 3098 caritatis

366 3158 427 3206 nec
453 3140 495 3206 de
525 3140 679 3207 inferiore
709 3138 921 3206 Hierusalem
949 3143 1018 3202 tota
1044 3135 1207 3202 ecclesiae
1234 3136 1289 3202 dei
1316 3138 1419 3202 nostri
1447 3137 1595 3203 membra
1608 3124 1877 3224 ”superinspicis
1900 3124 2018 3221 dignus

366 3243 421 3328 qui
448 3265 562 3310 ornnes
596 3244 774 3309 consoleris
808 3243 953 3307 infirmos
980 3240 1101 3325 quique
1129 3240 1246 3305 merito
1274 3239 1316 3305 ab
1347 3240 1498 3306 omnibus
1520 3242 1713 3307 consularis.
1766 3239 1904 3327 etquid
1933 3261 2018 3306 nunc
2058 3254 2070 3291 ὅ

314 3348 334 3409 2
364 3366 426 3431 ego
458 3346 593 3433 dignum
627 3346 805 3433 dignationi
838 3344 931 3425 huic,
967 3344 1071 3431 putris
1106 3349 1140 3408 et
1173 3342 1276 3409 fetida
1314 3349 1408 3410 reatu
1442 3351 1546 3426 terra,
1587 3345 1828 3433 respondeam?
1863 3343 2018 3429 colloquii

365 3450 517 3515 salutaris
550 3451 598 3515 tui
630 3456 664 3513 et
696 3447 911 3533 indigentiam
949 3446 1077 3533 patiens
1116 3454 1149 3512 et
1182 3447 1331 3512 timorem
1368 3447 1593 3514 recordatione
1626 3448 1712 3513 vitae
1750 3444 1926 3533 plectibilis
1960 3445 2017 3510 ad-

366 3550 487 3640 ducor,
522 3560 558 3619 ut
591 3553 729 3618 clamem
761 3551 821 3616 tibi
850 3549 936 3637 quod
971 3549 1055 3614 dixit
1088 3548 1217 3614 domino
1249 3556 1327 3615 tuus
1364 3551 1419 3616 ille
1461 3552 1603 3637 collega:
1648 3552 1712 3616 exi
1751 3572 1772 3615 a
1805 3570 1882 3630 ma,
1926 3549 2019 3634 quia

364 3653 477 3720 homo
506 3662 700 3741 peccator
728 3675 828 3734 sum,
857 3654 1030 3720 domine.
1076 3652 1135 3717 sed
1159 3654 1187 3718 si
1210 3654 1272 3719 iste
1296 3655 1393 3720 timor
1413 3675 1479 3718 non
1502 3660 1704 3740 temperetur
1724 3652 1861 3732 affectu,
1890 3673 2016 3732 vercor,

364 3778 406 3823 ne
435 3756 678 3825 Gerasenorum
707 3757 866 3822 destituar
894 3757 1046 3843 exemplo
1078 3766 1112 3822 et
1143 3756 1293 3823 discedas
1322 3778 1342 3821 a
1373 3757 1492 3822 finibus
1521 3758 1615 3822 meis.
1671 3757 1749 3842 quin
1782 3756 1890 3842 potius
1924 3754 2015 3835 illud,
2045 3771 2071 3809 ¹⁰

363 3860 450 3946 quod
479 3861 557 3927 mihi
590 3860 825 3928 conducibilius
860 3867 924 3938 est,
960 3861 1146 3948 conleprosi
1182 3860 1247 3926 mei
1280 3868 1313 3926 tc
1349 3861 1518 3948 proposita
1549 3861 1740 3926 condicione
1777 3861 2009 3945 constringam,

363 3969 401 4028 ut
433 3965 518 4030 aiam
552 3965 626 4031 tibi:
667 3967 699 4031 si
734 3966 806 4045 vis,
844 3972 960 4052 potes
998 3986 1056 4030 me
1098 3962 1303 4031 mundare.
1364 3986 1428 4051 qua
1460 3965 1516 4031 ille
1556 3964 1720 4031 sententia
1760 3985 1825 4031 non
1864 3965 1937 4051 plus
1975 3962 2015 4029 de

313 4068 333 4130 3
365 4065 495 4133 Christo
535 4068 611 4154 quid
650 4074 780 4156 peteret
819 4066 977 4155 prodidit,
1027 4089 1122 4153 quam
1155 4067 1233 4153 quid
1274 4067 1425 4134 erederet
1463 4069 1651 4155 publicavit.
1707 4090 1829 4154 ergone
1862 4088 1936 4133 cum
1971 4067 2016 4131 sis

363 4171 476 4255 procul
498 4171 653 4258 ambiguo
676 4171 798 4257 primus
823 4171 967 4235 omnium
990 4177 1072 4252 toto,
1096 4192 1161 4257 qua
1182 4177 1289 4258 patet,
1321 4171 1400 4237 orbe
1430 4173 1642 4258 pontificum,
1672 4194 1744 4238 curn
1767 4171 2016 4259 praerogativae

363 4271 558 4353 subiciatur,
597 4295 670 4339 ourn
705 4293 863 4340 censurae
900 4279 976 4339 tuae
1014 4274 1175 4340 adtremat
1213 4276 1312 4341 etiarn
1350 4274 1445 4340 turba
1483 4275 1630 4361 collegii,
1670 4297 1743 4342 cum
1777 4277 1809 4341 in
1844 4274 2015 4361 gravitatis
2044 4287 2068 4326 ¹⁵

363 4381 492 4443 restrae
520 4377 794 4464 comparationem
825 4378 897 4463 ipsa
927 4378 1027 4442 etiarn
1054 4377 1314 4462 grandaevorum
1344 4379 1444 4445 corda
1473 4387 1685 4467 puerascant,
1717 4401 1792 4445 curn
1819 4386 1893 4466 post
1916 4377 2014 4445 desu-

463 4636 481 4689 8
499 4634 588 4690 Lucas
606 4637 639 4701 V,
657 4639 682 4692 8.
755 4637 788 4690 12
806 4636 895 4691 Lucas
914 4635 946 4701 V,
969 4637 1006 4690 12.

467 4776 587 4829 Sidonius
604 4794 653 4829 om.
672 4777 702 4830 F
750 4778 851 4831 domino
867 4793 948 4845 papae
966 4793 1015 4828 om.
1035 4777 1056 4828 6·
1112 4777 1203 4830 LVPO
1221 4778 1285 4831 SVO
1304 4779 1327 4830 0
1393 4780 1501 4831 salumn
1519 4778 1607 4830 omAE'
1707 4778 2013 4842 consentaneum,

360 4898 510 4950 .snedictus
530 4897 553 4948 C
617 4868 699 4965 odi-pis
719 4895 743 4949 C
865 4895 882 4948 3
900 4898 973 4950 iacob
996 4896 1021 4946 Τ
1103 4897 1219 4949 karitatis
1238 4897 1261 4948 0
1357 4858 1361 4865 ἢ
1386 4896 1403 4950 4
1421 4900 1534 4951 inferiori
1554 4899 1626 4952 CFP
1712 4900 1805 4953 hierlm
1822 4899 1865 4966 Μ,
1888 4898 1966 4952 hirlm
1986 4900 2013 4964 0,

361 5015 467 5070 lrierslrn
485 5017 517 5082 P,
533 5017 609 5069 ierlm
632 5018 682 5068 ΤΡ
743 5017 943 5125 postuecelesiae
961 5018 1008 5084 leq.
1027 5026 1070 5069 tue
1088 5016 1156 5069 irrF
1255 4976 1309 5086 bd
1321 5018 1344 5071 C
1409 5021 1550 5072 contuleris
1568 5018 1607 5086 (tu
1625 5039 1693 5074 corr.
1711 5023 1787 5074 insu
1806 5017 1862 5086 L²)
1883 5016 1910 5071 L
1978 5021 2012 5073 ab

360 5136 481 5188 omnibus
499 5137 590 5189 merito
612 5137 637 5187 Τ
754 5137 771 5190 6
789 5139 868 5206 patris
885 5137 920 5188 Μ
925 5138 933 5169 ¹
1021 5141 1045 5189 &
1062 5154 1082 5188 a.
1102 5138 1118 5188 l.
1137 5139 1199 5190 add.
1218 5138 1264 5190 111¹
1353 5141 1447 5194 faetida
1465 5137 1505 5207 L,
1523 5142 1602 5207 fetida
1618 5142 1675 5194 MC
1794 5138 1809 5191 l
1828 5143 1970 5210 indigentia
1987 5137 2014 5192 L

359 5257 464 5324 paciens
478 5257 501 5309 0
603 5256 620 5308 9
638 5259 660 5310 si
677 5277 697 5310 s.
717 5260 734 5310 t.
747 5259 809 5311 odd.
820 5257 853 5309 r!
858 5258 866 5290 ¹
938 5259 1070 5311 timeretur
1087 5258 1160 5324 (time
1179 5277 1246 5312 corr.
1263 5263 1291 5313 io
1309 5219 1378 5315 temld
1392 5261 1415 5312 0
1420 5261 1439 5323 ¹)
1455 5261 1478 5312 0
1579 5260 1614 5315 10
1630 5278 1812 5330 gerasenorum
1824 5270 1932 5329 practer
1949 5279 1982 5330 ge
1999 5280 2015 5314 a

359 5377 388 5428 in
405 5394 459 5428 ras.
478 5376 517 5428 P¹
605 5380 724 5432 dietitnar
741 5376 768 5431 L
909 5378 939 5430 11
958 5381 1101 5433 conlebrosi
1119 5377 1160 5445 L,
1186 5382 1320 5450 colleprosi
1345 5382 1396 5447 (col
1413 5383 1441 5434 irs
1457 5400 1512 5434 ras.
1531 5382 1589 5449 Μ’)
1609 5382 1691 5436 MOF
1773 5383 1922 5436 conditione
1940 5383 2016 5436 LCF

362 5493 394 5546 12
411 5496 542 5563 potissime
561 5494 588 5549 L
656 5499 826 5553 sentenciaC
928 5496 961 5551 13
978 5457 1107 5568 ergcnoM
1113 5500 1121 5533 ¹
1228 5501 1261 5554 15
1278 5509 1397 5557 attremat
1408 5502 1512 5555 MGFP
1617 5502 2010 5572 repraesentarem.

358 5633 390 5671 cc
406 5633 424 5671 a
441 5615 475 5668 Μ
478 5615 499 5682 ¹)
517 5617 574 5671 MP
