4462 6216
294 378 356 441 340
905 367 1046 427 aaaron
1063 367 1323 426 EPISTULARUM

192 549 225 622 (ι’
289 550 426 635 propitio
462 549 627 614 fortiorem
663 549 738 629 deo,
773 549 830 614 sed
864 548 961 635 plane
995 568 1089 612 omne
1123 545 1331 632 hospitiolum
1368 553 1511 611 nostrum
1548 545 1685 610 diversis
1719 543 1942 611 incommodis

241 654 260 717 3
293 628 441 717 laborari>
472 653 630 737 significo.
674 653 871 737 peculiarius
901 672 995 736 rogo,
1024 652 1179 715 attentius
1207 650 1337 715 domino
1368 651 1575 736 supplicetis,
1610 656 1646 713 ut
1675 650 1730 735 qui
1764 650 1863 714 nobis
1893 651 1942 714 in-

292 756 514 820 columitatem
537 757 655 820 veatris
684 757 886 822 orationibus
913 757 1114 837 reddidistis,
1147 765 1180 821 et
1209 757 1260 820 his
1284 779 1378 843 opem
1402 779 1439 820 ac
1462 755 1633 821 medellam
1656 756 1785 821 divinae
1810 755 1942 819 miseri-

292 858 419 923 cordiae
442 860 686 924 intercessionis
709 866 839 926 vestrae
863 862 1042 948 patrocinio
1066 861 1251 925 conferatis.
1296 881 1353 924 ora
1375 881 1433 945 pro
1455 882 1517 926 me.

1031 1241 1192 1306 XXXIX.

492 1412 682 1478 DOMINIS
707 1413 977 1478 SUBLIMIBUS
1000 1414 1058 1478 ΕΤ
1081 1414 1346 1479 MAGNIFICIS
1370 1414 1502 1479 FILIIS
1528 1412 1736 1479 EUDOMIO

662 1516 719 1581 ΕΤ
742 1516 1042 1582 MELANTHIAE
1067 1517 1282 1583 RURIOIUS
1306 1516 1562 1583 EPISOOPUS.

240 1675 252 1733 ¹
401 1649 505 1759 Quart
533 1682 641 1766 gravis
670 1682 750 1746 mibi
778 1682 926 1747 orbitatis
948 1690 1078 1748 vestrae
1109 1683 1151 1747 sit
1179 1682 1302 1764 luctus,
1333 1683 1429 1747 testis
1458 1690 1509 1747 est
1531 1683 1673 1769 pectoris
1697 1683 1763 1746 mei
1786 1684 1941 1747 conscius

238 1785 257 1845 2
289 1782 385 1854 deus:
415 1784 500 1869 quod
529 1785 637 1849 verbis
668 1786 858 1850 subtilitatis
888 1793 1016 1851 vestrae
1046 1786 1188 1851 indicare
1218 1808 1282 1850 non
1306 1807 1449 1872 possum.
1495 1808 1569 1851 nam
1592 1786 1638 1849 ita
1660 1785 1805 1849 animum
1829 1807 1941 1851 meum

289 1886 409 1951 doloris
433 1890 533 1953 vestri
556 1890 663 1976 passio
688 1890 856 1967 sauciavit,
879 1911 918 1953 ac
941 1890 968 1954 si
991 1911 1091 1955 unum
1114 1888 1155 1954 de
1178 1891 1317 1974 propriis
1341 1889 1512 1954 affectibus
1535 1887 1761 1975 perdidissem,
1785 1890 1863 1974 quia
1886 1911 1940 1955 me
1966 1904 1991 1942 ¹⁰

288 1991 380 2056 vobis
403 1993 585 2077 proximum
609 2000 642 2056 et
665 1991 803 2078 quodam
827 1991 924 2056 modo
948 1993 1225 2078 consanguineum
1248 1993 1332 2057 beno
1356 2013 1483 2057 meeum
1507 1992 1634 2077 agendo
1657 1992 1796 2057 fecistis.
1836 1999 1939 2077 atque

287 2091 377 2169 idco,
416 2095 493 2179 quia
526 2095 654 2159 labores
689 2102 722 2160 ot
753 2096 922 2180 angustias
957 2104 1087 2162 nostras
1121 2097 1310 2182 frequenter
1345 2098 1377 2159 in
1411 2117 1467 2159 vos
1504 2116 1561 2181 pro
1594 2101 1705 2160 vestra
1743 2095 1937 2179 dignatione

237 2199 255 2260 3
289 2197 464 2283 suscipitis,
494 2198 614 2262 iustum
637 2205 698 2280 θεῖ,
723 2206 757 2264 et
777 2220 837 2264 nos
861 2200 987 2279 vestris,
1011 2222 1085 2265 cum
1107 2199 1295 2281 acciderint,
1317 2199 1511 2286 participare
1534 2197 1749 2263 maeroribus.
1794 2200 1824 2262 ai
1848 2199 1937 2263 eninr

288 2301 381 2365 iuxta
402 2303 540 2386 apostoli
572 2303 769 2367 sententiam
799 2303 895 2368 unius
924 2305 1067 2389 corporis
1095 2304 1242 2368 membra
1270 2302 1332 2366 sibi
1359 2303 1497 2367 invicem
1527 2302 1766 2387 compatiuntur
1794 2307 1829 2365 et
1856 2323 1939 2366 eon-

235 2408 255 2466 4
289 2403 415 2484 dolent,
444 2404 539 2470 decet
570 2426 630 2469 nos
654 2427 783 2492 quoque
806 2428 916 2471 eorum
940 2407 1147 2472 incommoda
1169 2445 1249 2471 m·
1273 2427 1373 2492 saepe
1397 2405 1602 2492 percipimus.
1648 2403 1797 2468 dolemus
1821 2404 1937 2491 itaque
1963 2421 1987 2458 ¹⁵

288 2508 378 2571 casui
401 2516 510 2573 vestro
534 2515 567 2573 et
596 2509 780 2595 planctibus
804 2511 921 2575 vestris
948 2511 1108 2576 interesse
1141 2533 1200 2574 nos
1232 2510 1403 2575 credimus.
1448 2508 1505 2573 sed
1535 2507 1611 2593 quid
1639 2508 1793 2588 facimus,
1824 2508 1939 2573 domni

287 2610 356 2691 lilii,
384 2612 469 2697 quod
494 2612 653 2678 voluntati
675 2612 805 2677 divinae
830 2613 979 2678 resistere
1003 2635 1063 2678 nec
1086 2635 1259 2701 possumus
1283 2635 1343 2677 nec
1366 2613 1524 2678 debemus
1548 2619 1582 2675 et
1603 2611 1689 2675 omui
1713 2611 1938 2676 sollicitudine

286 2735 494 2800 praecavere,
517 2737 558 2781 ne
583 2715 658 2780 dum
682 2716 791 2781 dulcia
814 2717 908 2781 nobis
931 2717 1070 2803 pignora
1092 2719 1190 2782 nimio
1213 2717 1324 2783 dolore
1348 2716 1514 2796 deflemus,
1537 2713 1721 2800 blasphemi
1744 2714 1879 2799 quidem
1904 2724 1938 2781 et

286 2818 431 2884 iniuriosi
455 2820 659 2885 inveniamur
680 2821 712 2884 in
737 2819 868 2885 domino
892 2826 926 2885 et
948 2821 1080 2905 gravius
1103 2821 1229 2884 animas
1253 2827 1379 2884 nostras
1402 2826 1514 2883 auctor
1536 2818 1635 2903 ipsius
1651 2818 1776 2896 mortis,
1800 2818 1938 2883 inventa

234 2926 253 2985 5
285 2924 466 3005 occasione,
491 2924 666 3006 confodiat,
691 2946 787 3009 quarn
811 2944 959 2989 carorum
983 2923 1157 2988 amissione
1179 2924 1350 3009 percussit.
1392 2923 1528 3007 ideoque
1550 2923 1582 2986 in
1606 2920 1691 2984 omni
1714 2921 1936 2987 amaritudine
1963 2935 1989 2976 ²⁰

284 3028 337 3092 vel
361 3025 471 3091 dolore
495 3026 535 3091 ad
559 3025 656 3091 deum
679 3027 774 3092 nobis
797 3034 846 3092 ost
868 3026 1097 3111 refugiendum
1121 3033 1154 3092 et
1177 3026 1218 3090 ad
1241 3028 1332 3091 illum
1354 3046 1466 3090 omnes
1490 3046 1584 3089 casus
1607 3023 1709 3088 nostri
1735 3028 1805 3087 toto
1834 3024 1937 3089 corde

231 3131 251 3192 6
282 3129 459 3212 referendi,
487 3132 541 3217 qui
565 3137 659 3196 sanat
681 3133 882 3212 vulneratos,
914 3132 968 3216 qui
991 3132 1117 3197 relevat
1140 3137 1298 3211 maestos,
1330 3131 1384 3216 qui
1407 3129 1592 3194 consolatur
1616 3128 1771 3193 adflictos.
1818 3135 1852 3193 et
1877 3131 1937 3194 illa

282 3236 386 3299 sancti
414 3234 474 3299 Iob
505 3235 670 3300 sententia
701 3236 831 3299 omnino
862 3233 1000 3299 dicenda
1029 3241 1092 3299 est:
1127 3234 1314 3298 dominus
1346 3232 1474 3312 dedit,
1511 3231 1696 3296 dominus
1726 3231 1936 3313 abstulit,

283 3340 383 3403 sicut
410 3339 565 3404 domino
593 3339 758 3425 placuit,
790 3339 848 3403 ita
875 3338 1020 3402 factum
1049 3345 1129 3414 eat;
1161 3338 1213 3402 sit
1240 3358 1381 3402 nornen
1409 3336 1564 3401 domini
1591 3335 1853 3402 benedictum.
1900 3343 1936 3402 et

282 3442 337 3506 ille
365 3442 427 3506 boc
456 3443 585 3528 quando
608 3442 755 3524 dicebat,
785 3441 898 3508 decem
922 3442 1007 3505 filios
1030 3461 1103 3506 cum
1126 3442 1213 3506 omni
1236 3441 1391 3505 facultate
1414 3439 1602 3526 perdiderat
1623 3459 1683 3504 nec
1706 3444 1818 3504 tamen
1840 3440 1933 3505 blas·
1959 3451 1985 3492 ²⁵

281 3546 437 3631 phemare
461 3551 517 3609 aut
539 3544 657 3610 damno
680 3552 737 3609 aut
759 3544 873 3610 dolore
896 3545 1085 3632 compulsus
1102 3551 1163 3626 est,
1186 3546 1270 3609 sicut
1285 3543 1363 3608 dicit
1378 3544 1551 3630 scriptura:
1575 3543 1613 3607 in
1636 3542 1824 3608 omnibus
1846 3564 1934 3630 quae

231 3651 248 3711 7
281 3649 471 3714 aeciderunt
499 3650 529 3713 ei
561 3650 671 3713 nihil
698 3650 884 3735 peccavit
915 3650 1040 3714 labiis
1067 3647 1151 3714 Iob.
1196 3649 1281 3733 quod
1308 3670 1369 3733 ego
1397 3648 1513 3734 pietati
1540 3652 1669 3711 vestrae
1696 3647 1841 3713 scribere
1873 3668 1933 3734 pro

282 3758 395 3814 mutua
429 3754 564 3816 caritate
597 3755 817 3839 praesumpsi,
857 3759 893 3817 ut
925 3753 1072 3817 dolorem
1111 3753 1292 3816 animorum
1326 3759 1522 3832 vestrorum,
1564 3772 1659 3836 quem
1693 3750 1812 3814 litteris
1846 3752 1932 3816 meis

230 3857 249 3919 8
282 3854 432 3938 mitigare
456 3876 518 3918 non
542 3863 703 3940 poteram,
734 3858 784 3921 vel
809 3857 927 3922 divinis
950 3857 1089 3942 eloquiis
1112 3862 1286 3940 utcumque
1311 3855 1506 3920 moderarer.
1552 3874 1643 3934 vere,
1675 3853 1701 3916 si
1734 3853 1813 3916 mihi
1836 3855 1932 3939 qnasi

281 3964 391 4020 vestro
416 3957 548 4021 creditis
572 3960 670 4041 cordi,
693 3981 757 4023 non
774 3961 942 4025 minimum
958 3961 1094 4047 potestis
1111 3981 1228 4045 capere
1245 3958 1285 4024 de
1302 3958 1421 4022 Christi
1438 3957 1557 4021 domini
1573 3958 1740 4021 voluntate
1756 3958 1928 4037 solacium,
1955 3972 1981 4011 ³⁰

282 4060 376 4146 quod,
401 4068 560 4146 quatenus
577 4064 683 4149 ipsum
701 4065 891 4130 immaturus
914 4065 1068 4130 manebat
1091 4064 1250 4145 interitus,
1275 4062 1374 4127 talem
1398 4083 1471 4127 eum
1495 4066 1546 4126 est
1569 4060 1721 4146 dignatus
1745 4082 1928 4143 assumere,

280 4165 422 4250 qualium
453 4186 587 4250 regnum
619 4166 730 4231 docuit
758 4190 833 4233 esse
865 4171 1044 4240 caelorum:
1078 4175 1116 4233 ut
1147 4175 1180 4232 et
1212 4174 1385 4254 patronum
1408 4165 1576 4230 haberetis
1609 4186 1651 4228 ex
1674 4164 1740 4227 filio
1765 4171 1799 4228 et
1821 4166 1930 4230 minus

279 4268 434 4333 doleretis
457 4270 625 4352 amissum,
650 4292 745 4357 quero
772 4295 792 4337 a
815 4273 946 4338 domino
968 4273 1129 4337 videbatis
1153 4278 1367 4358 assumptum.
1413 4276 1489 4354 opto
1513 4267 1597 4332 bene
1621 4267 1736 4351 agatis.

381 4579 414 4633 14
431 4579 451 4634 1.
465 4579 524 4634 Cor.
543 4580 604 4644 XII,
622 4579 665 4635 26.
752 4581 787 4634 23
804 4580 852 4634 Iob
871 4580 892 4646 Ι,
911 4582 952 4635 21.
1039 4582 1074 4635 26
1092 4580 1141 4635 Iob
1161 4579 1195 4643 ΙΙ,
1214 4580 1254 4634 10.
1341 4579 1376 4634 32
1393 4579 1495 4635 Matth.
1509 4578 1582 4645 XIX,
1601 4579 1642 4633 14.

381 4751 395 4803 l
409 4755 548 4820 parciorem
561 4754 610 4818 0¹,
624 4756 756 4807 sorciorem
769 4756 809 4806 0²
879 4757 926 4807 deo
943 4757 988 4807 sed
1000 4753 1084 4822 plane]
1095 4755 1245 4819 Monamsea,
1265 4756 1309 4806 sad
1325 4773 1357 4806 eu
1371 4753 1433 4819 (beu
1445 4754 1497 4820 6²)
1515 4757 1620 4822 planum
1635 4754 1712 4819 (corr.
1723 4754 1829 4821 plenum
1842 4754 1895 4820 0¹)
1907 4756 1931 4806 0

277 4834 294 4886 3
312 4838 355 4887 recl
365 4836 486 4903 lldistisO
537 4840 894 4908 acmorlellamlnmadellam
911 4843 942 4905 G,
957 4841 1322 4893 amsdellaconr’.Mommrerr
1410 4838 1607 4893 lmelantiaeG
1692 4839 1886 4909 9suhtilitatis]
1899 4843 1930 4903 0,

277 4924 428 4975 sublimitati
447 4926 512 4977 coni.
524 4924 645 4991 Barnupc
767 4926 796 4978 ll
817 4929 929 4994 quadarn
945 4928 1021 4978 modo
1039 4929 1257 4994 consanguineam
1276 4926 1354 4992 (corr.
1373 4928 1593 4993 correanguineum
1609 4926 1697 4993 0¹)G
1819 4925 1853 4978 12
1870 4927 1929 4995 uos]

277 5009 435 5075 Jsrrjolaan,
452 5007 506 5066 nob
521 5012 544 5062 O
647 5011 680 5064 13
696 5015 840 5065 accederint
856 5016 879 5065 0
982 5013 1016 5065 15
1034 5011 1132 5080 eornm]
1150 5031 1226 5065 cortu
1240 5023 1343 5065 rasurus
1357 5014 1397 5064 G:
1413 5015 1532 5065 miserere
1549 5031 1657 5080 quorum
1672 5014 1756 5080 ruffi.
1768 5013 1930 5080 Lr'r'tjolrorm,

278 5097 431 5161 persentire,
457 5116 521 5163 quos
539 5114 556 5149 a
575 5097 650 5149 nobis
667 5100 814 5151 indiuiduos
831 5117 887 5151 esso
903 5109 960 5166 port
982 5102 1142 5153 incommoda
1159 5101 1243 5166 suppl.
1262 5100 1402 5150 Mommsen
1507 5101 1666 5169 percepimus
1689 5101 1754 5151 corsi.
1774 5099 1928 5167 Inltjolrcnn

279 5181 311 5230 16
329 5183 374 5234 sed
392 5211 424 5218 —
442 5182 476 5234 33
493 5183 663 5252 assumptum]
682 5203 739 5236 maor
757 5187 866 5253 ῳίθῖιιῖα
885 5186 926 5250 ΙΙ,
942 5190 959 5237 3
976 5189 1126 5238 contaminat
1198 5184 1334 5252 comrale
1449 5184 1481 5237 18
1498 5188 1601 5252 quidam
1621 5185 1644 5236 G
1754 5183 1785 5238 *21
1807 5188 1931 5240 omnisG

277 5264 311 5316 ‘2‘2
327 5269 506 5321 corrsolatorG
607 5268 642 5322 24
660 5279 686 5323 et
705 5301 735 5308 -
753 5269 786 5322 27
806 5269 860 5338 lob]
879 5289 961 5338 snpra
974 5291 1003 5339 p.
1017 5276 1073 5337 313,
1091 5275 1137 5325 l.3
1155 5273 1335 5324 desirlcrarrtnr
1437 5271 1470 5323 27
1489 5273 1642 5324 accederunt
1657 5273 1681 5322 G
1783 5270 1819 5323 28
1839 5272 1930 5342 quom]

277 5353 388 5404 sciebam
406 5358 473 5421 quod
491 5358 575 5423 irrep.
596 5358 637 5422 II,
655 5361 672 5408 3
689 5359 752 5411 cdd.
855 5357 889 5409 29
907 5360 1050 5411 nroderuror
1068 5357 1138 5426 uera]
1163 5360 1293 5410 moderare
1314 5375 1403 5409 rouere
1423 5360 1446 5408 (l
1549 5357 1584 5409 32
1602 5360 1661 5425 qual
1680 5357 1718 5423 (iu
1736 5363 1819 5425 regnt’r
1839 5360 1930 5413 docuit

276 5437 304 5489 ia
321 5456 372 5489 rua
394 5440 447 5507 (ΙΙ)
468 5444 498 5504 0,
517 5443 631 5509 qualium
649 5462 757 5510 regnum
776 5446 839 5496 dixit
858 5462 938 5511 capra
960 5444 998 5499 ΙΙ,
1014 5448 1031 5494 3
1100 5442 1141 5510 cx]
1160 5447 1182 5495 a
1203 5446 1226 5493 G
