4462 6216
919 360 999 417 xxn
1017 361 1033 429 fi
1051 362 1069 417 b
1087 392 1119 403 -
1137 362 1231 417 XXIII
1249 381 1274 419 r.
1293 365 1334 419 70.

662 550 686 590 ²⁵
719 535 836 601 misisti
858 542 902 619 et,
923 537 1060 623 triplicis
1082 542 1223 602 metrum
1246 538 1393 603 trochaei

717 640 862 727 spondeo
885 641 1061 706 comitante
1084 641 1292 727 dactyloque,

717 743 830 810 dulces
853 744 1158 830 hendecasyllabos,
1182 750 1339 832 tuumque

717 845 836 911 blando
858 845 993 912 faenore
1018 845 1157 911 Sollium
1180 846 1301 932 ligasti.

717 971 850 1015 usuram
873 950 1078 1036 petimurque
1102 949 1352 1037 reddimusque3

660 1068 686 1107 ³⁰
723 1075 797 1118 nam
820 1052 904 1139 quod
927 1053 1071 1119 camnine
1092 1074 1153 1140 pro
1175 1059 1232 1118 tuo
1255 1054 1409 1141 rependo,

720 1158 785 1222 hoo
809 1156 991 1222 centesima
1011 1155 1157 1221 laudium
1179 1162 1309 1223 tuamm
1332 1165 1393 1224 est.

765 1259 850 1335 Quid
880 1261 1019 1348 primum
1047 1280 1186 1326 venerer
1212 1261 1382 1348 colamque
1409 1284 1469 1350 pro
1498 1270 1552 1330 te?

715 1365 749 1430 ni
770 1365 876 1447 fallor,
900 1365 1040 1452 patriam
1063 1369 1257 1451 patremque
1279 1366 1386 1440 iuxta;

716 1470 771 1556 qui
795 1490 991 1556 quamquam
1014 1468 1077 1534 sibi
1100 1469 1266 1536 vindicare
1291 1491 1451 1536 summum

659 1586 683 1624 ³³·
714 1575 818 1660 possit
841 1575 910 1641 iure
935 1574 1053 1656 locum,
1077 1578 1187 1639 tamen
1210 1595 1350 1639 necesse
1373 1582 1424 1640 est

715 1679 805 1742 illam
827 1678 971 1759 vincere,
994 1697 1078 1763 quae
1101 1677 1188 1764 parit
1210 1685 1375 1765 parentes.

715 1783 817 1864 salve,
840 1780 953 1847 Narbo
975 1787 1093 1867 potens
1117 1782 1319 1861 salubritate,

714 1889 795 1954 urhe
819 1895 852 1954 et
875 1909 950 1954 rure
974 1889 1070 1953 simul
1093 1888 1197 1954 bonus
1219 1889 1334 1971 videri,

715 1996 827 2076 muris,
851 1994 987 2075 civibus,
1011 1995 1145 2076 ambitu,
1168 1996 1327 2079 tabernis,

660 2115 685 2151 ⁴⁰
717 2100 832 2184 portis,
855 2098 1047 2185 porticibus,
1070 2099 1152 2180 loro,
1177 2100 1316 2171 theatro,

714 2202 871 2283 delubris,
895 2202 1069 2289 capitoliis,
1092 2204 1242 2285 monetis,

713 2306 861 2385 thermis,
884 2304 1035 2385 arcubus,
1059 2305 1197 2386 horreis,
1221 2308 1379 2387 macellis,

712 2410 824 2496 pratis,
846 2408 1002 2489 fontibus,
1025 2409 1153 2490 insulis,
1177 2410 1300 2491 salinis,

714 2513 848 2599 stagnis,
877 2513 1019 2594 flumine,
1047 2534 1168 2594 merce,
1194 2521 1304 2600 ponte,
1333 2522 1447 2602 ponto:

655 2631 680 2667 ⁴³·
711 2637 795 2680 unus
819 2616 873 2703 qui
895 2636 1053 2681 venerere
1076 2615 1148 2681 iure
1171 2616 1264 2681 divos

711 2719 890 2801 Lenaeum,
914 2718 1080 2801 Cererem,
1103 2720 1228 2802 Palem,
1251 2721 1433 2787 Minervam

712 2824 822 2909 spicis,
845 2824 992 2909 palmite,
1014 2823 1157 2909 pascuis,
1180 2824 1329 2911 trapetis.

711 2926 789 2991 solis
811 2926 870 2991 fise
893 2926 972 2991 viris
993 2947 1056 2992 nec
1080 2928 1227 3013 expetito

710 3036 847 3095 naturae
871 3030 993 3094 auxilio
1016 3031 1130 3116 procul
1154 3032 1279 3097 relictis

654 3149 665 3185 ⁵
710 3154 862 3220 promens
885 3133 1049 3199 montibus
1072 3135 1171 3200 altius
1195 3156 1362 3217 cacumen,

709 3259 774 3302 non
797 3244 830 3303 te
853 3238 943 3303 fossa
964 3244 1081 3325 patens
1104 3259 1165 3304 nec
1188 3238 1392 3326 hispidarum

709 3341 839 3406 obiectu
863 3341 991 3406 sudium
1014 3348 1152 3407 coronat
1174 3363 1293 3428 agger:

708 3467 773 3510 non
800 3452 836 3510 tu
863 3466 1034 3526 marmora,
1062 3446 1225 3512 bratteam
1251 3447 1447 3535 vitrumque,

709 3571 774 3615 non
797 3549 973 3616 testudinis
995 3548 1131 3615 Indicae
1153 3551 1307 3631 nitorem,

653 3668 677 3705 ⁵³»
707 3675 772 3718 non
796 3655 824 3718 si
849 3676 930 3741 quas
954 3653 1062 3720 eboris
1084 3655 1197 3720 trabes
1221 3656 1372 3721 refractis

709 3759 821 3823 rostris
843 3759 1031 3824 Marmarici
1055 3757 1177 3824 dedere
1201 3758 1300 3839 barri,

708 3862 780 3947 figis
804 3862 976 3928 moenibus
1000 3882 1184 3949 aureasque
1207 3869 1320 3949 portus

708 3987 849 4031 exornas
873 3966 1046 4031 asaroticis
1069 3967 1208 4052 lapillis;

708 4071 767 4135 sed
790 4091 849 4156 per
871 4071 1046 4136 semirutas
1070 4070 1233 4156 superbus
1257 4090 1361 4148 arces,

657 4187 663 4223 ³
710 4173 889 4239 ostendens
912 4174 1033 4239 veteris
1056 4174 1158 4239 decus
1182 4172 1294 4249 duelli,

708 4282 879 4361 quassatos
903 4277 991 4362 geris
1014 4275 1133 4342 ictibus
1156 4276 1308 4355 molares,

707 4380 879 4445 laudandis
902 4379 1079 4465 pretiosior
1101 4379 1214 4444 ruinis.

707 4485 773 4548 sint
795 4483 895 4548 urbes
918 4483 1005 4548 aliae
1029 4483 1095 4548 situ
1117 4483 1273 4556 minaces,

707 4608 788 4673 quas
813 4588 897 4652 vires
921 4586 1064 4651 humiles
1086 4606 1145 4673 per
1167 4586 1234 4651 alta
1257 4585 1411 4666 condunt,

656 4704 674 4741 ³³·
707 4697 741 4756 et
764 4711 823 4776 per
846 4689 1045 4775 praecipites
1067 4689 1176 4754 locata
1198 4689 1316 4754 cristas

707 4815 883 4880 numquam
905 4794 1036 4859 moenia
1059 4813 1155 4858 caesa
1177 4793 1373 4878 glorientur:

706 4903 740 4963 tu
764 4899 895 4984 pulsato
917 4897 1030 4984 places
1052 4895 1217 4982 fidemque
1240 4896 1357 4961 sortem

684 5001 908 5088 oppugnatio
931 5022 1031 5088 passa
1052 5001 1243 5088 publicavit.

750 5104 839 5170 Hinc
861 5111 894 5170 te
917 5104 1056 5169 Martius
1080 5104 1134 5170 illc
1159 5110 1267 5169 rector
1289 5111 1387 5191 atque

649 5223 674 5261 ³⁰
705 5230 823 5293 magno
847 5215 941 5296 patre
965 5209 1064 5295 prior,
1087 5208 1188 5274 decus
1212 5207 1381 5290 Getarum,

390 5365 425 5417 ‘25
442 5378 468 5419 ct
485 5387 534 5419 om.
554 5369 578 5418 Τ
676 5366 711 5418 28
728 5368 823 5434 plando
841 5366 870 5418 F
934 5367 1026 5433 legasti
1050 5365 1100 5416 FF
1205 5362 1240 5416 29
1258 5367 1465 5433 reddidimusquo
1483 5368 1512 5419 F
1618 5367 1651 5419 31
1671 5369 1777 5421 laudum
1795 5379 1899 5423 tuorum
1919 5368 1947 5420 F

285 5451 321 5504 33
338 5455 360 5504 ai
378 5454 407 5504 F
505 5464 561 5520 poet
579 5458 645 5505 2236
663 5455 836 5506 Narbonensis
854 5453 926 5505 urbis
948 5454 1056 5519 eiusque
1080 5454 1176 5505 civium
1200 5454 1256 5505 laris
1279 5454 1368 5520 incipit
1392 5455 1493 5520 arripiat!
1515 5454 1661 5506 udaeam
1682 5457 1710 5507 ira
1729 5457 1757 5519 Ο,
1781 5457 1832 5507 duo
1855 5473 1944 5507 aarum

286 5548 380 5590 rocon!
397 5541 422 5590 in
444 5541 468 5590 P
573 5540 607 5592 43
626 5541 832 5593 distincita&
903 5538 1071 5591 frontibuaF
1174 5536 1210 5590 44
1227 5541 1325 5591 stanna
1338 5540 1363 5590 P
1471 5541 1505 5592 45
1523 5542 1659 5594 venereP
1767 5541 1802 5592 46
1820 5542 1879 5610 pald
1892 5543 1942 5605 1’2,

283 5626 375 5693 palaea
388 5624 438 5690 Pb,
456 5628 530 5694 palen
545 5629 573 5690 0,
591 5628 663 5694 palca
677 5628 702 5677 'I'
784 5624 818 5677 53
831 5625 1008 5693 ntrnnrqucF
1091 5622 1331 5678 MteatitudinisP
1414 5624 1631 5680 commictae
1716 5627 1947 5681 truncandum

284 5710 318 5763 69
336 5714 446 5765 marcius
463 5712 490 5775 0,
508 5730 609 5765 marcus
628 5712 656 5764 F
756 5712 790 5765 70
808 5730 900 5780 magno
919 5711 947 5763 F
1012 5712 1050 5763 ud
1065 5731 1088 5765 o.
1103 5717 1134 5765 70
1150 5714 1246 5766 alarico
1263 5712 1327 5764 arta
1345 5713 1373 5763 ia
1392 5730 1475 5779 nrorp.
1490 5711 1530 5765 Ob

1684 5796 1738 5853 32·
