4462 6216
788 359 995 414 PRAEFATIO
1015 360 1055 413 IN
1073 358 1247 414 FAVSTVM
1266 359 1445 417 KRUSCHM.
1897 365 1943 415 LV

284 531 414 595 finitur:
444 550 559 608 crima,
590 550 672 610 prate
702 532 787 595 inter
816 538 963 596 sanctam
991 534 1170 613 marmana
1200 533 1400 597 Tlreorlarnnr
1429 538 1458 598 et
1487 538 1632 598 sanctam
1663 534 1869 598 Valerianum
1899 534 1944 598 uel

283 640 434 698 sanctam
455 633 641 698 Marianas
668 635 744 699 item
773 637 930 717 episcopos
956 641 1051 718 atera
1077 637 1218 701 abbatem
1240 637 1401 702 Faustam
1429 659 1486 702 nee
1515 658 1580 702 non
1606 643 1634 702 ct
1661 638 1799 719 reliquos
1822 639 1942 719 fratres

284 739 412 805 irretitae
434 741 620 805 Lerinensis
641 743 809 807 acciderat.
855 745 1093 831 Episcoporum
1116 745 1170 831 qui
1193 743 1269 807 huic
1293 741 1416 828 synodo
1433 742 1614 806 intererant
1630 739 1725 805 sodes
1742 742 1775 805 in
1795 741 1941 807 ‘Institu-

285 843 386 909 tione’
408 866 473 909 non
495 844 654 910 indicatas
677 846 774 911 hodie
792 851 976 914 accuratius
992 849 1182 913 Mabillonio
1198 846 1360 931 (Annales
1377 845 1445 910 ord.
1462 845 1495 911 S.
1515 845 1687 910 Benedicti
1701 846 1757 910 lib.
1771 846 1798 923 I,
1821 868 1867 911 nr.
1886 846 1942 932 40)

286 968 474 1034 proponere
498 968 682 1033 possumus.
726 949 797 1014 Iam
820 952 908 1016 enim
932 959 1105 1038 postquam
1127 952 1294 1029 Maassen,
1320 948 1450 1031 Qratlen
1472 949 1525 1012 ates
1546 948 1756 1013 carwniscleen
1779 949 1894 1014 Rechts
1916 950 1942 1029 Ι,

285 1074 319 1137 p.
337 1055 521 1132 ast-953,
545 1053 677 1117 nomina
692 1055 930 1140 episcoporum,
954 1055 1008 1140 qui
1024 1054 1248 1119 Arausicanae
1266 1059 1300 1117 et
1311 1053 1509 1117 Vasionensi
1527 1052 1652 1137 synodo
1667 1053 1941 1138 subscripserunt,

286 1177 306 1218 e
335 1155 446 1220 codice
478 1154 664 1221 Coloniensi
696 1159 796 1238 eruit,
825 1163 952 1222 constat
985 1157 1176 1242 Asclepium
1211 1177 1273 1219 non
1302 1155 1486 1240 Aptansom
1516 1157 1708 1241 episcopum
1736 1157 1855 1238 fuisso,
1884 1156 1942 1222 sed

289 1257 567 1337 Cavellicensem‚
591 1258 719 1324 Iustum
743 1282 807 1325 non
831 1261 1118 1340 Valentincnsem‚
1149 1259 1206 1324 sad
1230 1259 1485 1339 Arausicanum,
1510 1258 1679 1324 Salonium
1703 1260 1944 1326 Genavensem.

286 1361 340 1427 Do
370 1370 517 1448 tempora
551 1363 610 1427 hoc
642 1364 747 1428 solum
776 1371 904 1429 constat
943 1364 1101 1451 synodum
1128 1362 1299 1427 Ravennio
1329 1362 1404 1425 vivo
1434 1383 1508 1426 esse
1536 1363 1750 1444 celebratam,
1779 1365 1799 1429 i.
1817 1384 1845 1430 c.
1869 1369 1945 1429 ante

288 1487 319 1531 a.
337 1468 400 1529 462
423 1465 502 1545 Ian,
534 1488 597 1551 quo
621 1466 755 1532 Hilarus
783 1489 870 1554 papa
892 1467 934 1533 ad
957 1467 1131 1532 Leontium
1155 1467 1387 1531 Arelatensem
1416 1465 1542 1530 litteras
1571 1465 1663 1531 dedit
1689 1465 1789 1552 (aaut
1813 1467 1864 1532 ed.
1889 1468 1944 1533 alt.

288 1591 336 1634 nr.
354 1570 443 1655 552).

400 1673 483 1738 Oum
506 1674 560 1739 dic
585 1677 635 1738 27,
653 1674 888 1761 Novembris1)
912 1696 996 1740 anno
1019 1677 1144 1740 incerto
1169 1675 1269 1759 (inter
1292 1697 1321 1741 a.
1338 1677 1400 1737 450
1425 1680 1458 1739 ct
1481 1672 1557 1755 462)
1581 1673 1746 1738 Maximus
1770 1675 1944 1761 opiscopus

288 1776 376 1842 diem
393 1798 579 1863 supremum
596 1778 742 1853 obiisset,
766 1779 926 1843 Reienscs
942 1780 975 1842 in
995 1780 1101 1843 locum
1119 1780 1188 1842 eius
1204 1779 1359 1842 abbatom
1375 1776 1590 1841 Lorinensem
1606 1785 1801 1842 creaverunt
1816 1779 1944 1864 episco-

288 1903 377 1968 pum,
401 1881 488 1946 undo
512 1881 663 1947 Sidonius
687 1883 720 1945 in
742 1881 936 1947 Eucharisto
959 1883 1001 1948 ad
1024 1884 1182 1947 Faustum
1205 1883 1395 1968 episcopum
1419 1880 1470 1965 (Ο.
1493 1880 1586 1961 XVI,
1604 1880 1693 1962 113):

554 1985 661 2049 arbem
683 1991 719 2048 ta
741 1986 835 2049 casias
857 1985 1009 2070 (Maximi
1032 1986 1115 2071 scil.)
1137 1986 1364 2066 amnaelrosprm
1386 1985 1518 2048 antistes
1539 1988 1569 2047 ct
1589 1983 1686 2047 abdas

555 2089 602 2152 bis
622 2110 780 2154 smcessor
801 2091 879 2171 apis.

293 2192 326 2256 Is
362 2194 536 2278 episcopus
575 2194 682 2258 factus
719 2214 793 2258 eam
834 2195 921 2259 vitae
963 2194 1232 2260 consuetudinem
1272 2193 1419 2271 retinuit,
1465 2211 1562 2276 quam
1602 2196 1791 2254 servaverat
1829 2188 1946 2253 abbas:

287 2316 418 2376 prrecnm
437 2296 566 2377 per-itas
592 2297 833 2374 irisalanaranr,
864 2318 946 2379 qaas
972 2299 1010 2362 rte
1031 2297 1198 2379 palaestra
1224 2296 1471 2380 conprepationis
1498 2294 1692 2359 terenritidis
1718 2299 1747 2359 et
1776 2294 1814 2358 aa
1834 2299 1948 2358 aaran

294 2399 512 2463 Lirinensium
527 2399 755 2466 cedalrnorane
778 2403 815 2466 in
829 2401 936 2466 artem
951 2422 1081 2483 ancara,
1103 2403 1197 2466 onias
1212 2402 1356 2466 caelatae
1374 2420 1469 2464 sacra
1482 2398 1719 2479 superinspicis,
1742 2396 1946 2474 traintatisti,

294 2501 340 2564 nil
360 2502 400 2566 alr
422 2502 533 2566 aelata
555 2508 699 2568 mateutas
714 2524 776 2584 per
797 2505 996 2581 sacerdotem,
1017 2505 1134 2588 qnippe
1155 2526 1227 2569 enni
1249 2525 1347 2569 rsonae
1369 2503 1537 2585 dipeitatis
1551 2502 1677 2566 obtenta
1691 2501 1823 2582 riparcrn
1837 2500 1948 2564 ueteris

298 2605 481 2687 disciplinae
502 2626 567 2671 reon
588 2606 781 2671 relaxaveris
803 2606 929 2692 (Sidon.
954 2629 1005 2693 ep.
1029 2607 1090 2687 IX,
1113 2610 1142 2688 3,
1166 2629 1197 2693 p.
1218 2606 1366 2691 laras).
1410 2605 1624 2691 Disciplinam
1641 2605 1712 2670 eius
1728 2604 1948 2690 episcopalem

298 2709 379 2774 idem
402 2709 557 2775 Sidonius
580 2709 617 2777 O.
640 2710 731 2792 XVI,
749 2713 784 2775 91
804 2732 873 2797 sqq.
896 2711 948 2775 his
971 2711 1122 2776 versibus
1145 2711 1365 2797 praedicavit:

687 2814 751 2881 Seu
773 2820 802 2879 te
823 2815 1005 2894 laureatae
1032 2820 1132 2898 sprtcs
1161 2821 1191 2879 et
1215 2815 1377 2896 inhospita
1404 2819 1514 2895 tesqua

687 2942 744 2984 sea
765 2941 861 2985 caereo
882 2920 1041 2984 airidemte
1056 2918 1158 3001 palas
1178 2941 1235 2983 sen
1256 2920 1351 3001 niqra
1372 2939 1495 2982 recessa

690 3023 846 3088 incultam
868 3044 956 3105 inape
977 3044 1059 3087 sana
1082 3027 1202 3101 tenent,
1224 3024 1280 3088 alii
1301 3021 1363 3087 sale
1384 3026 1499 3086 remoto

690 3147 827 3191 canava
849 3126 1014 3209 armamus
1036 3132 1200 3191 asservant
1221 3132 1319 3190 antra
1342 3126 1502 3202 laniena·

688 3252 745 3294 sca
767 3236 796 3295 te
812 3231 1001 3312 praeruptis
1016 3236 1164 3314 porrecta
1184 3230 1221 3294 in
1242 3229 1376 3309 rupilius
1397 3228 1493 3308 Alpris

688 3334 863 3398 sincinctos
882 3333 984 3416 polida
1006 3333 1155 3398 liberatem
1177 3334 1312 3414 curante
1333 3353 1466 3409 soranos,

688 3437 890 3515 narratorem,
915 3438 1019 3502 tremit
1040 3442 1138 3520 (qnare
1159 3459 1353 3519 qrearnqaarn
1374 3437 1497 3518 littora
1513 3437 1628 3517 portet,

627 3542 668 3604 98
692 3545 872 3621 caecatam
898 3538 1216 3622 materterarum
1237 3538 1423 3606 donatilla
1445 3537 1608 3617 salirenr);

609 3751 668 3810 104
691 3768 748 3810 sea
769 3752 798 3810 te
821 3747 958 3812 Istriana
973 3747 1120 3828 macana
1143 3747 1302 3829 canpleaa
1316 3750 1484 3828 parentare
1506 3749 1560 3822 cst,

690 3871 755 3930 qius
777 3854 814 3912 tn
835 3851 902 3913 iarn
924 3850 1049 3930 tractas
1063 3871 1127 3930 pro
1148 3871 1265 3932 rumpia
1286 3871 1378 3930 saepe
1399 3848 1502 3930 quiete

691 3951 859 4033 discipulis
879 3953 995 4016 servire
1016 3953 1104 4017 naris
1125 3954 1239 4035 eiaqica
1260 3955 1326 4018 otia
1347 3952 1458 4029 somni,

693 4057 749 4120 ain
770 4061 871 4121 coctos
892 4061 1023 4137 captare
1045 4057 1129 4121 cilios
1150 4058 1320 4122 abstemias
1341 4076 1452 4120 aemam

611 4163 670 4224 ¹08
693 4161 785 4224 dacis
807 4165 836 4224 ct
858 4160 987 4224 disemis
1003 4161 1114 4243 pinpis
1135 4161 1259 4225 iciarria
1274 4159 1431 4241 psalnris;

612 4373 671 4432 1¹6
694 4390 751 4432 sea
773 4373 802 4431 te
823 4368 1006 4432 carrrrnissas
1022 4368 1163 4451 prrpalas
1184 4373 1265 4433 tenet
1286 4373 1316 4432 et
1337 4368 1441 4432 minor
1462 4367 1558 4431 andct

693 4477 722 4535 te
743 4472 843 4536 madio
866 4471 1003 4536 taruidos
1024 4472 1182 4537 naaiorara
1204 4477 1337 4536 taratara
1358 4490 1474 4547 nuores;

692 4596 748 4638 seer
770 4580 807 4638 ta
829 4573 984 4639 sollicitas
1006 4596 1116 4652 caras,
1139 4597 1205 4657 aiat
1226 4574 1399 4656 luitpaldus
1421 4594 1492 4639 esca

693 4699 792 4759 qrraoe
808 4679 998 4759 porcariana
1019 4678 1121 4754 ‘uiuat
1144 4678 1223 4760 qaid
1237 4682 1355 4758 pasaet
1377 4681 1407 4741 et
1429 4675 1528 4753 illane,

692 4782 815 4846 landrica
836 4803 934 4846 arara
956 4782 1009 4846 cni
1032 4787 1142 4847 nerent
1163 4783 1221 4847 sali
1243 4782 1384 4861 compede
1406 4801 1528 4858 carcer,·

692 4908 749 4950 sea
770 4907 858 4968 inape
878 4886 1046 4965 [cannata
1067 4892 1200 4951 tranitem
1220 4886 1395 4949 distractam
1415 4884 1597 4960 lraruarntis,

694 4989 793 5053 liuida
815 4989 957 5068 miniati
977 4991 1007 5054 si
1022 4992 1180 5071 pauperis
1202 5012 1273 5056 ossa
1294 4991 1460 5066 virescant,

698 5093 913 5173 tritastiditanr
935 5093 1001 5174 fers
1023 5095 1090 5175 ipse
1111 5093 1155 5158 act
1177 5094 1271 5158 taeta
1292 5092 1444 5169 codicem·

693 5219 750 5261 sca
771 5203 800 5261 tc
822 5199 1000 5278 coemptionis
1020 5199 1173 5281 preulilras·
1195 5195 1381 5262 verterat-itis
1402 5215 1479 5259 arae

694 5301 951 5367 coritionataranr
966 5303 1056 5383 plebs
1076 5301 1187 5366 salnla
1209 5301 1423 5377 circnrrrsistrt,

696 5406 854 5484 inpositae
876 5404 951 5487 lepis
973 5405 1057 5469 bita-t
1079 5404 1213 5468 naribus
1235 5408 1271 5467 nt
1293 5403 1482 5467 irradiet-rann
1505 5422 1532 5465 o.
1550 5423 1579 5485 q.
1595 5425 1620 5463 s.

332 5529 591 5551 Ὰ-
595 5546 629 5551 ...ι
633 5546 714 5552 --ι-

421 5624 440 5689 ¹)
456 5624 492 5678 Cf·
504 5628 535 5683 V.
547 5630 571 5685 S.
583 5629 699 5684 Maximi
715 5632 827 5684 anemio
840 5628 977 5698 Dynamio
996 5627 1071 5699 apud
1090 5627 1210 5693 Surium,
1230 5628 1270 5681 lte
1288 5624 1414 5696 probatis
1425 5624 1584 5679 anctorum
1598 5621 1721 5679 historiis
1734 5621 1847 5684 tom.Vl,
1861 5638 1888 5690 p.
1896 5621 1955 5675 605.
