4552 6210
314 342 362 392 LX
913 337 1119 394 PRAEFATIO
1138 337 1178 392 IN
1197 337 1369 393 FAVSTVM

311 509 561 575 Hermiancnsis
585 510 817 596 episcopusin
840 512 924 576 libro
949 519 1063 578 contra
1083 511 1271 578 Mocianum
1294 511 1431 598 (Migna
1453 511 1575 579 Patrol.
1592 511 1665 578 Lat.
1681 511 1821 589 LXVII,
1844 536 1875 601 p.
1889 514 1968 599 855)

312 619 345 678 et
368 614 453 679 hunc
470 621 503 679 et
517 613 676 679 Faustum
693 617 870 701 Augustini
894 619 1089 682 auctoritate
1113 618 1198 681 male
1220 616 1340 680 abusos
1364 637 1440 680 essa
1464 615 1644 680 contendit:
1680 614 1743 693 su,
1768 617 1883 703 inquit,
1906 616 1969 682 oli·

310 718 437 797 ociando
460 718 555 782 etiam
577 719 723 783 Faustus
748 719 862 783 Gallus
883 720 920 783 in
941 723 1123 802 quaestione
1151 720 1241 784 liberi
1268 720 1410 796 arbitrii,
1440 719 1522 783 uiale
1549 718 1714 783 intellectis
1741 726 1771 784 et
1797 721 1970 803 inemipnce

310 821 463 885 adhibitis
484 823 587 902 ipsius
609 823 692 887 beati
706 824 883 907 Auprutim'
904 827 1076 902 sententiis,
1100 823 1230 904 feruebat
1251 829 1280 886 et
1301 824 1338 886 in
1360 824 1570 887 assensionem
1591 823 1646 887 sui
1664 824 1781 887 erroris
1801 825 1970 889 inducebat

310 924 475 989 incautos:
496 927 553 1007 qui
575 932 680 991 tonten
702 947 724 990 u
745 933 874 992 sanetae
896 931 1062 994 memoriae
1081 927 1249 1009 Fulpcntio
1273 927 1434 1007 Ruspensi
1456 926 1594 990 rleteetm
1615 931 1710 1007 atain
1731 928 1891 992 conuictus
1912 933 1968 992 est.

312 1025 464 1112 Denique
488 1028 560 1092 Ado
577 1030 775 1094 Viennensis
797 1031 830 1094 iu
848 1031 1000 1096 chronico
1025 1054 1053 1096 a.
1071 1033 1134 1095 492
1150 1030 1287 1114 (Migne,
1304 1029 1426 1094 Patrai.
1442 1030 1515 1095 Lat.
1532 1028 1688 1109 CXXIII,
1711 1052 1743 1116 p.
1765 1032 1837 1116 107)
1854 1032 1968 1097 Fausti

311 1129 491 1195 doctrinam
529 1133 637 1196 reicit:
682 1132 845 1212 Faustus,
880 1135 1001 1220 inquit,
1040 1155 1079 1198 ecc
1118 1134 1228 1198 abbate
1263 1133 1445 1198 Lirinensis
1485 1133 1670 1198 rnonasterii
1706 1136 1797 1215 urard
1832 1136 1968 1218 Repium

314 1233 440 1298 Galliae
462 1235 625 1315 episeopus
648 1235 768 1314 factrus,
794 1237 1003 1319 Pelapinnum
1025 1238 1135 1318 dapum
1158 1237 1316 1300 destruere
1339 1241 1471 1300 constris
1502 1238 1538 1300 in
1565 1257 1700 1301 errorem
1722 1236 1861 1304 labitur:
1882 1241 1969 1304 unde

312 1339 370 1418 qui
393 1339 462 1402 eius
482 1360 593 1403 saisias
616 1341 652 1403 in
672 1340 732 1403 bac
748 1345 845 1422 rrarte
869 1340 1036 1405 catholicos
1048 1341 1255 1421 praedicant,
1283 1341 1380 1404 sicuti
1405 1340 1594 1405 Gennadium
1621 1340 1660 1403 cle
1686 1340 1865 1407 illustrabas
1889 1344 1970 1408 uiris

310 1443 460 1521 scribens,
497 1445 624 1508 manino
657 1449 774 1508 errant.
835 1446 890 1508 Ita
924 1446 1007 1509 caim
1039 1445 1171 1509 liberum
1204 1444 1375 1508 arbitrium
1403 1450 1469 1508 tona
1502 1444 1705 1525 Arrpustinns
1742 1467 1840 1526 eriam
1876 1448 1969 1511 ceteri

310 1545 457 1611 calboliei
491 1548 528 1611 in
566 1546 694 1611 ecclesia
737 1549 787 1611 clei
818 1549 940 1626 clocmt,
973 1554 1011 1612 ut
1042 1549 1249 1625 illunnnutio,
1281 1549 1384 1612 urens
1412 1553 1441 1612 et
1469 1547 1559 1611 solers
1588 1547 1637 1611 illi
1666 1570 1687 1612 a
1715 1548 1842 1615 Olimsto
1863 1556 1893 1615 et
1907 1572 1970 1632 per

314 1649 476 1714 Christum
505 1657 534 1715 ct
561 1673 634 1716 cum
668 1651 793 1718 Obristo
822 1654 873 1716 sit.
933 1653 1079 1718 Faustus
1113 1673 1183 1718 uero
1215 1653 1274 1717 iste
1307 1653 1355 1716 ita
1386 1650 1518 1715 liberum
1550 1650 1772 1718 Christianum
1800 1654 1970 1719 arbitrium

312 1754 419 1818 docere
448 1760 596 1832 cernitur,
630 1761 667 1819 nt
702 1755 895 1821 illunnnotio
930 1757 1013 1834 eins,
1046 1757 1149 1820 uirtus
1181 1761 1210 1819 et
1239 1755 1328 1819 solus
1361 1776 1426 1820 non
1458 1776 1479 1817 a
1511 1753 1651 1832 Christo,
1679 1756 1734 1820 sect
1765 1761 1887 1822 natura
1915 1759 1968 1821 sit.

315 1856 434 1922 Contra
469 1859 553 1923 biinc
589 1859 699 1923 scribit
734 1857 932 1923 lucidissima
968 1860 1031 1940 fiale
1067 1859 1266 1923 beatissimus
1302 1859 1419 1922 Aoities
1456 1857 1641 1943 Viennensis
1689 1860 1853 1941 episcopus
1897 1861 1967 1926 eius

309 1962 503 2044 redrtrpuens
525 1983 675 2040 errorcm;
697 1962 842 2027 similiter
864 1969 893 2028 et
913 1964 1050 2027 [murres
1071 1964 1121 2027 uir
1143 1963 1288 2026 cruditus
1309 1962 1528 2026 Antiochenses
1543 1963 1714 2045 presbyter.

422 2065 536 2130 Fausti
561 2066 716 2131 adversus
739 2067 883 2131 Arianos
907 2072 941 2133 et
955 2064 1211 2131 Macedouiauos
1234 2087 1354 2151 parvus
1377 2064 1509 2130 libellus
1531 2066 1644 2151 periit;
1666 2067 1877 2152 nequeenim
1893 2088 1969 2132 eum

309 2190 368 2255 pro
390 2169 497 2254 priore
522 2171 684 2255 epistulae
700 2169 766 2234 XX
789 2178 893 2256 parte,
916 2177 952 2235 ut
975 2170 1121 2234 nonnulli
1142 2170 1362 2240 coniecerunt,
1386 2168 1572 2234 habendum
1597 2191 1671 2234 esse
1695 2169 1846 2254 probavit
1861 2170 1965 2236 Tille-

311 2278 411 2353 mont,
434 2274 702 2354 Mirissimus.
726 2275 747 2338 ci
769 2273 919 2339 l'br'stoire
940 2273 1041 2338 eecle's.
1077 2273 1170 2353 XVI,
1194 2295 1225 2358 p.
1241 2277 1314 2338 429.
1340 2276 1411 2337 778.

295 2447 296 2451 Ἰ
421 2377 516 2442 Alius
539 2378 671 2442 libellus
694 2377 849 2441 adversus
879 2399 936 2442 eos
965 2379 1019 2462 qui
1047 2377 1157 2441 dieunt
1180 2399 1255 2442 esse
1279 2379 1312 2441 in
1336 2377 1491 2441 creaturis
1515 2376 1638 2461 aliquid
1661 2377 1891 2463 incorporeum
1915 2383 1968 2443 est

311 2481 452 2566 epistula
479 2481 548 2545 FA.
571 2481 647 2544 XX.
691 2481 787 2545 Hauc
810 2502 1005 2566 anonymam
1028 2480 1169 2544 Faustus
1198 2480 1318 2566 publici
1347 2480 1425 2545 iuris
1449 2479 1543 2559 fecit,
1574 2500 1649 2543 nam
1672 2480 1872 2546 Claudianus
1896 2481 1968 2545 Ma-

309 2589 449 2665 mertus,
477 2585 532 2669 qui
563 2585 647 2649 eirea
670 2605 699 2648 a.
723 2587 785 2647 470
796 2583 821 2668 1)
846 2590 958 2649 contra
980 2605 1052 2649 eam
1076 2583 1117 2648 de
1141 2588 1229 2647 statu
1252 2584 1381 2648 animae
1404 2583 1505 2648 libros
1529 2589 1596 2647 tres
1620 2584 1765 2670 scripsit,
1798 2585 1967 2670 scriptoris

312 2708 432 2752 nomeu
455 2708 519 2752 non
549 2688 708 2773 repperit:
738 2693 920 2768 percontor,
952 2686 1104 2772 inquiti),
1127 2688 1165 2751 de
1186 2689 1326 2752 nonrine:
1348 2709 1404 2751 nec
1430 2707 1576 2768 responso
1602 2708 1658 2752 nec
1685 2689 1801 2769 scripto
1816 2688 1971 2769 martiar

312 2839 452 2859 ......
475 2791 602 2855 sibene
631 2792 774 2856 coracinis
803 2792 964 2872 dispuens,
995 2813 1053 2855 cur
1086 2812 1198 2856 rionien
1232 2791 1393 2856 oeeubrm?
1425 2793 1455 2856 si
1487 2791 1614 2874 aprima
1646 2792 1774 2870 nutuis,
1805 2813 1864 2856 cm·
1890 2813 1970 2872 mnis

309 2894 439 2974 Inertis,
469 2914 508 2958 nc
536 2895 649 2972 dicam,
676 2916 735 2960 cur
761 2896 825 2959 isla
847 2896 1042 2960 emmer-ibis?
1086 2895 1287 2961 Claudianus
1310 2903 1347 2960 ut
1370 2896 1484 2961 ederet
1505 2895 1644 2975 libellos,
1669 2897 1781 2981 exegit
1804 2895 1969 2977 Sidonius,

315 2997 357 3062 ad
380 3019 477 3083 quem
500 2999 667 3085 praefatus
691 3006 752 3081 est,
777 3001 896 3086 quique
921 3003 951 3065 oi
973 3002 1115 3087 epistula
1138 3001 1228 3082 IV,3
1253 3022 1312 3087 pro
1336 3022 1471 3065 munere
1496 3000 1618 3085 gratias
1634 2999 1712 3084 egit.
1749 2998 1969 3064 Adversarius

314 3101 486 3167 Claudiani
520 3105 593 3188 quis
626 3113 730 3183 esset,
760 3105 913 3171 Sidonius
942 3129 983 3171 ne
1015 3106 1172 3171 divinavit
1198 3105 1342 3191 quidem,
1365 3126 1455 3185 nam,
1480 3105 1537 3169 ubi
1567 3104 1766 3168 mentionem
1790 3102 1870 3168 facit
1897 3105 1969 3168 eius

310 3227 401 3286 55555
422 3212 533 3271 eontra
556 3206 696 3289 loqndm
718 3208 765 3294 (p.
781 3213 833 3290 55,
847 3207 902 3293 20)
927 3209 1140 3287 Claudianus,
1164 3216 1252 3274 corte
1274 3208 1314 3273 de
1339 3208 1461 3272 Fausto
1485 3208 1588 3271 amieo
1611 3228 1675 3271 uon
1698 3207 1863 3291 cogitavit.

421 3310 605 3397 Epistulam
640 3310 682 3376 ad
714 3312 883 3376 diaconum
913 3312 1075 3377 Graccum
1102 3312 1171 3376 FA.
1199 3312 1299 3376 XVII
1329 3333 1371 3377 ex
1405 3310 1512 3374 insula
1540 3310 1713 3375 Lerinensi
1746 3310 1856 3374 datam
1893 3332 1968 3376 esse

312 3413 500 3490 TiIIemont,
523 3415 692 3480 dibnmircs
709 3438 795 3497 pom
816 3418 916 3480 sarcir
937 3417 959 3479 d
981 3415 1130 3480 lbistoirc
1151 3414 1252 3480 ccclls.
1276 3421 1353 3480 tom.
1370 3413 1464 3495 XVI,
1480 3436 1512 3499 p.
1526 3418 1590 3478 412
1612 3434 1654 3477 ex
1677 3414 1726 3477 his
1744 3415 1854 3478 verbis
1871 3421 1967 3479 acute

311 3518 436 3582 effecit:
467 3519 522 3582 ubi
547 3520 644 3584 etiam
664 3518 747 3583 illud
768 3524 826 3596 cst,
854 3519 938 3600 quod
964 3524 1109 3599 sescenta
1125 3539 1187 3598 per
1208 3539 1313 3583 mines
1333 3516 1459 3582 ¹inustiles
1486 3522 1515 3581 et
1542 3515 1687 3581 ccclesias
1702 3523 1838 3598 patrum
1859 3518 1966 3599 sipnat

311 3622 487 3686 auctoritas
510 3623 555 3708 (p.
580 3626 653 3705 285,
666 3622 744 3706 28)2

419 3723 471 3790 Do
495 3728 635 3811 epistula
658 3749 755 3812 quam
777 3727 915 3793 exulans
940 3725 981 3790 ad
1004 3727 1148 3791 Felicem
1173 3726 1304 3811 scripsit
1327 3747 1425 3811 supra
1449 3728 1513 3811 egi.

422 3829 499 3893 Alia
522 3831 592 3894 eius
621 3831 743 3916 scripta
770 3832 848 3917 quia
875 3830 1015 3895 necdum
1043 3831 1183 3915 legisset
1210 3831 1379 3895 nominare
1409 3831 1514 3894 noluit
1537 3829 1739 3895 Gennadius.
1784 3829 1967 3915 Supersunt

311 3937 420 3995 autem
445 3940 576 4019 praeter
599 3956 640 4000 ea
662 3957 747 4021 quae
771 3935 881 4000 attulit
905 3943 938 4000 et
960 3940 1092 4021 praeter
1116 3935 1273 4020 epistulas
1296 3934 1337 3998 ad
1360 3930 1526 3999 Ruricium
1549 3934 1619 3999 FA.
1639 3934 1730 3997 I-V
1752 3940 1785 3997 et
1806 3933 1965 3998 Lucidum

309 4034 378 4098 FA.
403 4035 521 4100 XVIII
545 4038 694 4123 scriptas,
718 4038 759 4104 de
783 4039 899 4124 quibus
923 4060 1022 4125 supra
1045 4039 1109 4124 ogi,
1132 4038 1226 4104 haee.

419 4139 576 4203 Paulinus
600 4161 673 4205 eum
688 4142 846 4207 Faustum
869 4142 1045 4222 dominum,
1069 4147 1105 4204 ut
1127 4141 1182 4221 ait,
1207 4163 1301 4206 sunm
1325 4140 1371 4227 (p.
1388 4144 1461 4222 275,
1478 4142 1535 4226 23)
1560 4138 1600 4204 de
1623 4139 1869 4225 quaestiouibus
1892 4141 1963 4225 qui-

310 4241 447 4306 busdam
469 4242 662 4327 dogmaticis
683 4247 899 4310 consuluisset
914 4243 998 4332 (FA.
1014 4246 1125 4331 XIV),
1149 4246 1308 4331 imprimis
1329 4266 1405 4309 num
1422 4252 1512 4310 recte
1529 4244 1676 4308 Marinus
1694 4245 1832 4308 eremita
1847 4265 1965 4330 peeca-

310 4345 436 4410 toribus
470 4345 663 4411 Ohristianis
698 4356 833 4414 aeterna
865 4355 1028 4413 tormenta
1060 4350 1203 4413 minatus
1238 4356 1342 4430 essct,
1375 4349 1515 4413 Faustus
1551 4349 1581 4411 ei
1618 4346 1786 4433 respondit
1824 4347 1967 4432 epistula

309 4456 421 4514 nostra
448 4450 523 4518 XV.
571 4450 623 4517 Fa
645 4459 754 4518 autem
785 4475 861 4518 num
889 4454 1028 4520 Paulino
1059 4453 1266 4532 satisfecerit,
1290 4474 1488 4539 magnopere
1517 4450 1640 4517 dubito.
1694 4451 1774 4515 Eius
1803 4451 1963 4536 epistulae

309 4553 399 4618 loeus
427 4554 493 4619 hic:
526 4554 712 4636 suturarum
740 4557 935 4621 immensitas
961 4556 1164 4620 cruciatuum
1195 4557 1363 4639 armastias
1389 4557 1547 4620 bactrianae
1574 4555 1687 4619 neentis
1718 4554 1851 4630 cecedit,
1882 4574 1964 4634 qnae

308 4656 395 4721 nmla
416 4664 649 4724 momentaneae
663 4661 881 4741 paenitentiae
902 4660 1015 4724 iinibm
1036 4681 1101 4723 nort
1122 4665 1253 4724 rencooet
1276 4660 1322 4746 (p.
1344 4662 1417 4741 281,
1430 4657 1496 4746 34),
1521 4679 1594 4724 eum
1619 4657 1860 4722 Gundobadum
1876 4657 1961 4721 Bur-

309 4760 509 4845 gundionum
533 4785 661 4849 regem,
685 4764 738 4849 qui
762 4764 877 4828 Fausti
900 4764 1074 4849 epistulam
1097 4765 1239 4848 legerat,
1267 4764 1441 4828 admodum
1470 4763 1722 4841 conterruisset,
1746 4782 1805 4825 rex
1831 4761 1964 4825 Avitum

309 4866 486 4947 consuluit,
510 4869 565 4953 qui
588 4874 663 4954 post
679 4889 708 4932 a.
726 4873 787 4932 500
811 4868 986 4954 epistulam
1010 4866 1051 4932 de
1074 4867 1245 4932 subitanea
1268 4868 1470 4953 paenitentia
1493 4866 1534 4930 ad
1551 4888 1625 4931 enm
1649 4865 1740 4930 dedit
1763 4863 1829 4948 (ed.
1845 4863 1965 4949 Peipor

308 4989 339 5053 p.
357 4968 422 5052 29),
445 4970 502 5034 ubi
525 4971 565 5035 de
581 4971 720 5036 Paulino
743 4973 825 5036 haee
848 4972 1014 5058 leguntur:
1039 4971 1085 5036 Et
1106 4972 1185 5053 quia
1206 4971 1324 5053 lecistis
1345 4970 1519 5036 cmuubati
1534 4970 1662 5034 cuidam
1676 4967 1818 5032 Paulino
1835 4967 1963 5032 Burde-

305 5071 428 5153 polensi
456 5073 496 5137 ab
519 5075 659 5154 inimcopo
680 5075 859 5156 supradicti
880 5076 1019 5140 nominis
1038 5075 1139 5157 secuse
1167 5096 1366 5155 respersum:
1394 5075 1487 5138 euius
1517 5073 1645 5159 (Fausti
1670 5073 1739 5139 scil.
1762 5071 1962 5156 Manichaei)

308 5176 497 5256 tennioribus
512 5176 674 5243 Paulinus
688 5179 819 5260 quidam
840 5178 935 5263 (deris
948 5179 1071 5257 uiderit,
1093 5184 1203 5243 utrum
1222 5180 1251 5242 is
1264 5200 1356 5261 qaino
1370 5179 1557 5254 nienioratis,
1581 5182 1686 5241 terrun
1700 5174 1964 5260 Burdepabmis)

307 5299 371 5344 non
386 5301 498 5362 nauco
519 5279 592 5346 stilo
614 5281 765 5347 catbolico
787 5287 816 5347 et
839 5281 1110 5365 inruirebcnsibili
1131 5283 1193 5363 tide
1216 5283 1415 5364 cmrsernpsit:
1434 5281 1582 5365 praefati
1603 5280 1755 5346 baeretici
1775 5279 1961 5344 auratiorem

413 5524 434 5589 ¹)
452 5520 545 5587 Ebert.
564 5520 711 5579 65555ιί5
727 5520 773 5580 der
790 5521 1114 5583 namet-munimen
1130 5520 1270 5580 1555555
1287 5522 1308 5589 l,
1327 5539 1354 5596 p.
1366 5522 1426 5580 451.

412 5611 435 5689 ¹)
453 5608 502 5670 Ed.
520 5607 710 5684 Fugalbrsoht
726 5628 754 5688 p.
772 5611 815 5670 24.
