4462 6216
333 355 394 418 lot
968 349 1107 407 SIDONII
1124 347 1385 406 EPISTULARUM

304 524 630 590 Smetrimonialibus
652 523 721 588 illic
744 523 869 589 inserta
890 523 1096 588 documentis
1125 520 1256 586 mimica
1281 521 1434 608 largitate
1462 524 1629 591 recitatur.
1681 528 1817 611 peracta
1845 522 1988 588 eircum-

331 628 508 714 scriptione
538 628 685 713 legitima
716 634 750 693 et
781 627 895 692 fraude
929 627 1079 691 sollemni
1113 627 1202 691 levat
1230 624 1364 692 divitem
1399 628 1572 713 coniugem
1601 646 1729 715 pauper
1754 626 1926 692 adamatum
1953 632 1989 691 et

330 730 505 816 diligenter
528 752 611 817 quae
634 731 676 797 ad
700 751 845 796 socerum
868 731 1093 817 pertinuerant
1115 729 1240 793 rimatis
1264 731 1523 816 convasatisque,
1547 752 1613 795 non
1635 751 1736 818 perro
1760 730 1861 797 etiam
1880 729 1988 795 corol-

330 833 412 899 lario
435 835 628 900 facilitatem
652 834 944 919 credulitatemque
967 833 1209 898 munificentiae
1233 833 1369 897 soeralis
1398 853 1579 919 emungens
1607 835 1757 921 receptui
1785 833 1819 898 in
1846 833 1988 921 patriam

331 939 451 1003 cecinit
472 941 705 1026 praestigiator
726 939 880 1004 invictus.
922 959 985 1023 quo
1008 937 1155 1024 proiecto
1177 942 1283 1001 mater
1302 937 1434 1023 puellae
1450 959 1508 1024 pro
1523 937 1744 1024 hyperbolicis
1759 936 1989 1002 instrumentis
2026 949 2038 987 ⁵

329 1043 440 1128 coepit
463 1043 627 1108 actionem
649 1043 904 1131 repetundamm
926 1043 1012 1108 velle
1035 1061 1218 1129 proponere
1245 1047 1280 1105 et
1302 1047 1380 1107 tunc
1403 1041 1535 1107 demum
1558 1041 1599 1108 de
1622 1042 1862 1129 mancipiorum
1886 1061 1988 1128 spon·

330 1146 464 1211 saliciae
487 1145 672 1225 donationis
694 1148 860 1233 paucitate
883 1167 1043 1227 maerere,
1066 1144 1196 1232 quando
1220 1144 1285 1208 iarn
1308 1142 1349 1207 de
1372 1149 1528 1231 nepotum
1549 1147 1786 1211 numerositate
1807 1144 1988 1230 gaudebat.

330 1247 371 1313 ad
400 1248 484 1313 banc
512 1250 705 1336 placandam
734 1255 847 1315 nostor
874 1248 1076 1337 Hippolytus
1105 1253 1311 1333 perrexerat,
1347 1268 1420 1312 cum
1456 1248 1581 1313 litteras
1616 1270 1706 1314 meas
1734 1249 1826 1337 prius
1856 1248 1988 1316 obtulit.

301 1351 459 1417 tlhabetis
483 1353 651 1418 historiam
670 1355 796 1419 iuvenis
812 1351 935 1433 eximii,
957 1351 1102 1417 fabulam
1119 1350 1268 1416 Milesiae
1284 1350 1337 1415 rel
1351 1348 1482 1415 Atticae
1499 1372 1623 1437 parem.
1662 1352 1759 1417 simul
1775 1358 1809 1416 et
1824 1351 1988 1437 ignoscite

330 1461 462 1541 praeter
483 1477 624 1542 aequum
647 1458 859 1545 epistularem
883 1455 1054 1521 formulam
1077 1453 1271 1541 porrigenti,
1294 1474 1391 1539 quam
1414 1454 1456 1519 ob
1478 1453 1541 1519 hoe
1565 1456 1640 1521 stilo
1663 1462 1812 1521 morante
1834 1455 1987 1544 produxi,
2014 1469 2041 1507 ¹⁰

329 1563 457 1624 utnon
486 1567 653 1645 tamquam
682 1561 830 1647 ignotum
858 1560 1051 1646 reciperetis
1085 1579 1182 1645 quem
1211 1558 1316 1623 civem
1343 1557 1514 1624 beneflciis
1541 1557 1741 1624 reddidistis.
1798 1559 1924 1646 pariter
1952 1565 1988 1625 et

330 1668 447 1727 natura
470 1670 691 1752 comparatum
715 1670 777 1741 est,
799 1670 836 1728 ut
858 1663 977 1749 quibus
999 1661 1217 1750 impendimus
1240 1661 1382 1726 studium
1406 1668 1614 1747 praestemus
1628 1663 1795 1728 affectum.
1831 1683 1891 1728 vos
1906 1682 1986 1728 vero

329 1763 544 1832 Eustachium
566 1768 754 1855 pontificem
777 1773 855 1833 tune
878 1788 922 1832 ex
944 1787 1018 1831 asse
1042 1764 1141 1851 digno
1169 1763 1293 1830 herede
1316 1764 1503 1829 decessisse
1529 1766 1769 1848 monstrabitis,
1800 1766 1829 1831 si
1850 1773 1888 1832 ut
1909 1787 1988 1854 pro-

280 1869 459 1955 ldpinquis
482 1871 689 1953 testamenti,
713 1872 760 1937 sic
784 1870 958 1937 clientibus
981 1869 1153 1956 patrocinii
1175 1870 1286 1954 legata
1309 1868 1456 1933 solvatis.
1501 1889 1578 1934 ecce
1601 1870 1696 1957 parui
1719 1875 1753 1934 et
1779 1869 1987 1935 oboedientis

330 1973 473 2038 officium
504 1975 695 2060 garrulitate
723 1973 901 2061 complevi,
931 1972 1011 2037 licet
1034 1971 1087 2057 qui
1116 1971 1247 2036 indocto
1274 1972 1442 2057 negotium
1473 1971 1672 2056 prolixitatis
1700 1973 1855 2058 iniungit,
1884 1994 1986 2059 aegre
2014 1987 2039 2026 ¹⁵

329 2075 416 2140 ferre
446 2096 511 2140 non
539 2076 673 2159 debeat,
707 2080 735 2144 si
767 2098 831 2142 non
861 2082 928 2141 tam
957 2077 1151 2161 eloquentes
1178 2075 1337 2161 epistulas
1367 2075 1484 2161 recipit
1513 2096 1610 2159 quam
1641 2078 1808 2163 loquaces.
1860 2099 1988 2143 memor

329 2180 430 2244 nostri
453 2202 529 2245 esse
551 2181 698 2268 dignare,
721 2182 853 2248 domine
876 2201 972 2268 papa.

1128 2522 1192 2591 III.

612 2677 825 2744 SIDONIUS
847 2676 1197 2743 Domino-PAPAE
1220 2675 1461 2743 MEGETHIO
1486 2675 1708 2743 SALUTEM.

303 2833 317 2892 1
438 2808 516 2906 Dru
543 2840 746 2928 multumque
780 2841 980 2925 deliberavi,
1013 2862 1209 2928 quamquam
1240 2842 1321 2906 mihi
1352 2843 1480 2908 animus
1509 2844 1629 2910 affectu
1654 2843 1826 2930 studioque
1849 2843 1987 2931 parendi

330 2941 573 3026 sollicitaretur,
597 2967 638 3011 an
662 2945 872 3029 destinarem,
898 2947 993 3013 sicuti
1017 2947 1170 3033 iniungis,
1194 2947 1519 3028 contestatiunculas,
1542 2968 1622 3032 quas
1645 2950 1717 3036 ipse
1734 2947 1864 3016 dictavi.
1908 2947 1987 3013 vicit
2012 2960 2040 3002 ²⁰

329 3044 370 3110 ad
392 3048 542 3113 ultimum
566 3048 746 3130 sententia,
776 3071 859 3136 quae
883 3051 944 3114 tibi
976 3049 1225 3136 obsequendum
1255 3049 1443 3116 deliniebat.
1489 3051 1589 3138 igitur
1616 3053 1719 3140 petita
1745 3051 1923 3117 transmisi:
1952 3057 1988 3119 et

330 3149 408 3235 quid
431 3151 528 3216 modo
551 3151 721 3218 dicemus?
754 3153 930 3239 grandisne
953 3153 1036 3219 haec
1060 3152 1292 3218 oboedientia?
1327 3159 1421 3241 puto,
1445 3154 1579 3242 grandis
1608 3161 1676 3230 est;
1704 3153 1858 3241 grandior
1879 3154 1986 3242 impu·

329 3252 442 3319 dantia
464 3262 585 3322 tomen.
630 3256 693 3321 hac
716 3258 803 3322 enim
826 3257 933 3321 fronte
956 3276 1129 3343 possemus
1151 3255 1339 3321 fluminibus
1363 3278 1482 3343 aquas,
1513 3259 1603 3324 silvis
1631 3258 1723 3343 ligna
1744 3258 1985 3338 transmittere;

330 3356 393 3422 hac
416 3355 529 3446 [enim]
551 3360 736 3426 temeritate
752 3360 894 3448 Apellen
910 3360 1074 3446 peniculo,
1098 3359 1190 3424 eaelo
1205 3358 1356 3440 Phidian,
1379 3360 1499 3426 malleo
1516 3360 1712 3449 Polyclitum
1727 3381 1985 3428 muneraremur.

302 3459 427 3526 2dabis
451 3483 529 3547 ergo
553 3462 683 3528 reniam
707 3462 982 3550 praesumptioni,
1013 3482 1099 3550 papa
1127 3467 1241 3527 sancte
1269 3462 1409 3529 facunde
1438 3464 1652 3545 venerabilis,
1681 3485 1765 3551 quae
1795 3461 1986 3530 doctissimo
2011 3478 2038 3518 ²⁵

330 3564 475 3630 examini
498 3571 555 3630 tuo
579 3567 721 3633 naturali
743 3566 936 3652 garrulitate
959 3563 1154 3633 deblaterat.
1199 3565 1301 3632 habet
1323 3566 1526 3633 consuetudo
1549 3573 1660 3632 nostra
1682 3588 1740 3654 pro
1764 3566 1840 3651 ritu,
1862 3573 1900 3633 ut
1921 3567 1985 3634 etsi

329 3687 436 3755 pauca
459 3667 544 3750 edit,
568 3669 670 3735 multa
694 3669 894 3750 conscribat,
918 3670 1021 3736 veluti
1044 3676 1096 3736 est
1118 3671 1254 3736 canibus
1278 3671 1442 3753 innatum,
1466 3677 1517 3753 ut,
1541 3673 1605 3739 etsi
1627 3693 1693 3738 non
1716 3673 1851 3752 latrant,
1874 3676 1985 3737 tamen

332 3769 480 3836 hirriant.
526 3793 652 3838 memor
673 3775 777 3840 nostri
800 3794 874 3839 esse
896 3772 1042 3860 dignare,
1065 3773 1196 3841 domine
1219 3796 1314 3862 papa.

435 4065 448 4117 1
468 4068 569 4121 mimica
585 4080 690 4137 praeter
706 4089 737 4125 cs
752 4072 781 4125 in
798 4088 852 4123 rer.
870 4071 904 4122 Μ
907 4072 918 4103 ¹
1022 4067 1181 4138 dlegittims
1199 4068 1228 4121 F
1294 4070 1429 4137 sollempni
1445 4070 1532 4137 MOF,
1549 4073 1658 4125 rollanni
1676 4071 1701 4123 P
1801 4070 1938 4125 decorum
1958 4071 1987 4137 0,

321 4187 389 4254 sort.
407 4195 474 4240 recte
533 4191 778 4256 conversatisqueO
877 4146 1185 4274 4ordddlimmmqueM
1191 4190 1199 4221 ¹
1259 4191 1382 4243 soomalis
1397 4190 1446 4242 OF
1536 4189 1830 4260 bpraeatigatorMOP
1879 4151 1921 4258 ὅσ
1934 4191 1982 4244 Μ’

328 4306 391 4374 pF
461 4308 625 4376 biperbolicir
643 4308 682 4376 Μ,
706 4311 861 4379 yperbolicis
878 4310 908 4362 F
1019 4309 1205 4379 dhyppolitus
1223 4310 1262 4376 Μ,
1285 4310 1442 4378 hyppolytns
1462 4311 1513 4377 GP,
1533 4312 1638 4380 ipolitus
1656 4310 1686 4363 F
1756 4313 1873 4365 litteras·
1894 4310 1985 4380 (unam

330 4428 375 4481 aa
394 4445 461 4482 cros.
474 4429 523 4495 θ’)
541 4429 565 4482 0
653 4433 748 4500 optulit
763 4432 793 4484 F
913 4429 1060 4486 {liubulam
1078 4430 1192 4492 Mem·
1217 4431 1321 4485 fabulae
1337 4432 1427 4483 malim
1513 4432 1628 4486 Milesiae
1647 4431 1763 4498 Socero,
1789 4430 1986 4498 minorem,

327 4549 418 4656 prilitie
436 4549 466 4601 F
544 4551 695 4636 ignoscitqte
712 4551 760 4603 Μι
874 4550 908 4606 10
929 4552 1065 4622 eplardF
1137 4496 1244 4605 seruilem
1263 4552 1300 4604 0¹
1417 4551 1447 4604 ll
1471 4560 1596 4619 tanquam
1608 4551 1669 4604 MF
1742 4601 1749 4623 ,
1776 4551 1810 4605 12
1827 4549 1986 4659 reroolsol’,

326 4687 345 4738 g
362 4670 392 4721 F
502 4670 537 4724 13
554 4674 713 4727 eusthatium
730 4671 763 4724 Μ
874 4671 907 4724 14
925 4673 1054 4727 dieutibua
1074 4673 1097 4725 0
1212 4670 1342 4725 lacincti
1362 4673 1384 4725 0
1458 4672 1594 4740 negocium
1614 4673 1638 4725 0
1753 4671 1788 4726 16
1803 4673 1919 4754 loquacia
1936 4671 1971 4722 Μ
1975 4671 1983 4703 ¹

329 4788 361 4843 ll
379 4809 436 4845 esse
457 4793 564 4862 digm
587 4795 690 4848 dominc
716 4811 782 4863 papa
808 4812 856 4847 orn.
875 4790 983 4847 MGFP
1119 4792 1152 4847 18
1168 4793 1239 4862 epiet.
1258 4794 1313 4845 III
1330 4802 1408 4847 totam
1431 4810 1480 4846 om.
1498 4792 1553 4844 Μ’
1636 4792 1756 4846 Sidonius
1773 4793 1876 4846 domiuo
1893 4811 1942 4847 ear.
1959 4791 1989 4845 F

329 4911 453 4979 maana
470 4913 531 4980 ao,
548 4914 732 4982 aminaea,
751 4915 857 4983 argaeo
870 4915 899 4967 r
964 4916 1073 4970 sonam
1091 4933 1140 4967 cn.
1153 4914 1183 4966 a
1283 4913 1316 4968 re
1334 4932 1385 4982 qus
1401 4932 1433 4968 a
1449 4914 1611 4981 meamque
1628 4930 1650 4968 s.
1668 4915 1686 4967 ι.
1704 4913 1768 4967 aaa
1786 4914 1830 4965 r·
1898 4872 1985 4982 {mem

327 5032 389 5084 mihi
407 5033 444 5099 F,
472 5051 582 5102 quamq3
613 5036 692 5088 michi
715 5035 738 5087 0
841 5037 943 5090 animus
966 5039 1060 5091 allecto
1083 5036 1188 5104 serapti,
1215 5037 1301 5089 animo
1328 5038 1424 5091 affectu
1442 5034 1546 5088 MCFP
1687 5031 1723 5087 ff)
1745 5035 1944 5087 sollicitarentur
1960 5032 1987 5085 P

326 5154 577 5208 contextationeulae
595 5154 624 5206 F
766 5153 802 5209 24
825 5158 894 5210 eninr
916 5156 1010 5224 MFP,
1037 5158 1142 5220 mlum·
1168 5157 1248 5225 igitur
1268 5157 1291 5209 O
1399 5157 1516 5226 appellen
1540 5154 1600 5206 MF
1709 5156 1823 5224 periculo
1842 5155 1876 5220 0,
1902 5154 1985 5223 pignl·

325 5272 386 5324 culo
403 5272 454 5325 FP
469 5282 493 5327 et
509 5273 575 5342 (igni
591 5274 620 5326 ia
636 5274 736 5327 raeci
743 5276 764 5341 ²)
783 5275 816 5326 M
899 5278 955 5331 celo
974 5277 1025 5330 FP
1039 5287 1062 5331 et
1079 5294 1149 5331 corr.
1165 5286 1195 5330 ot
1210 5295 1235 5332 r.
1252 5295 1284 5330 ee
1300 5278 1395 5332 telods
1401 5280 1421 5344 ²,
1438 5278 1489 5331 telo
1508 5276 1532 5329 Ο
1615 5277 1693 5329 ddian
1703 5275 1814 5342 MOFP,
1833 5277 1900 5343 fert.
1918 5282 1985 5327 recte

327 5395 469 5464 polielitum
487 5397 575 5479 1110Ιῆ,
597 5399 740 5466 pollicitum
757 5398 787 5450 F
868 5416 1063 5453 muneraremur
1080 5399 1220 5453 Bemcaeie
1237 5400 1344 5466 ulique,
1359 5357 1547 5469 1¹denotaremur
1564 5397 1598 5449 M
1601 5398 1620 5463 ¹,
1636 5412 1818 5450 venerarentur
1837 5393 1893 5459 ΟΡ,
1913 5411 1984 5448 ernu-

327 5515 440 5569 leremnr
457 5515 486 5567 F
551 5520 583 5571 ds
601 5517 672 5587 (ergo
690 5520 751 5585 ear.)
768 5520 870 5572 renium
889 5520 918 5573 F
1030 5519 1064 5574 25
1083 5522 1235 5576 secundeO
1343 5519 1378 5574 26
1396 5521 1546 5574 deblattarat
1566 5519 1615 5572 OF
1722 5515 1988 5586 28hyrrirntli01’

327 5637 407 5691 nostri
425 5655 480 5692 esee
498 5639 605 5708 dignere
622 5640 724 5694 domine
742 5657 807 5710 papa
824 5659 872 5695 om.
891 5640 923 5709 P,
940 5658 996 5697 esee
1013 5642 1119 5712 &mare
1137 5641 1239 5694 dominc
1256 5658 1322 5712 papa
1338 5659 1387 5693 om.
1405 5640 1466 5706 tte,
1483 5639 1585 5694 domine
1603 5656 1669 5710 pape
1685 5657 1736 5693 ona.
1754 5639 1785 5693 F
