4462 6216
283 372 392 422 uxxw
777 367 981 427 PRAEFATIO
1001 368 1041 422 IN
1058 367 1241 423 RVRICIVM
1260 367 1441 423 KRUSCHII.

283 538 422 624 (saepe).
445 541 648 621 eatinpnorct,
672 537 816 604 sonitore
838 540 980 624 (saepe).
1024 539 1121 602 Hane
1145 539 1285 603 restitui.
1310 574 1352 585 -
1374 537 1417 601 In
1439 544 1515 602 ante
1538 537 1550 600 t
1571 558 1637 602 non
1661 537 1849 603 assimilavi.
1894 536 1935 602 In

284 642 315 705 G
331 643 429 705 etiam
446 643 555 706 anteb
577 641 688 727 (raro),
710 663 751 719 m,
767 662 803 721 p,
823 641 1128 727 r(nonnumquam)
1149 642 1186 705 in
1207 648 1371 705 servatur:
1395 639 1545 717 indocilis,
1568 641 1761 718 inmotam,
1783 641 1939 706 inmemor

283 745 452 830 (semper).
475 746 657 823 inminente,
682 745 895 810 inmortalitas
917 745 1056 832 (saepe),
1078 746 1300 821 imnnnditioo,
1324 744 1507 824 inpeditam,
1530 745 1602 824 inp·
1619 743 1730 830 (fera),
1753 744 1938 810 incenso

281 847 363 923 bilae,
386 849 561 929 inripostis.
585 886 627 897 —
654 849 715 930 Op-
738 855 771 912 ct
794 849 876 931 Sap·
900 857 976 915 ante
999 872 1021 936 p
1042 850 1169 935 scripsi,
1193 856 1227 914 at
1244 848 1273 912 G
1291 873 1297 912 :
1313 848 1524 929 obpro1ninm,
1546 848 1764 929 mlpreaaerrs.

389 950 428 1015 In
451 950 611 1016 codioeG
634 953 795 1038 epistulae
811 953 924 1016 Fausti
946 952 986 1016 ad
1009 951 1157 1016 diversos
1181 951 1383 1037 praecedunt
1406 973 1463 1016 eas
1487 973 1570 1036 quac
1593 951 1636 1016 ad
1651 951 1820 1016 Ruricium
1836 949 1937 1016 datae

282 1060 368 1120 sunt.
413 1053 492 1117 Mihi
516 1076 594 1119 vero
618 1077 810 1142 persuasum
835 1063 886 1120 est
909 1056 1004 1120 huius
1028 1056 1174 1141 eorporis
1199 1062 1366 1119 auctorem
1388 1055 1538 1140 epistulis
1558 1054 1727 1119 aRuricio
1749 1055 1939 1140 compositis

282 1157 388 1221 nullas
416 1157 626 1242 praemisisse
657 1159 720 1223 nisi
747 1179 767 1221 a
795 1159 918 1222 Fausto
948 1158 1085 1242 aliisque
1114 1157 1155 1221 ad
1183 1157 1350 1222 Ruricium
1382 1158 1486 1236 datas,
1518 1179 1560 1221 cx
1589 1159 1652 1223 alio
1682 1163 1791 1222 autem
1822 1156 1936 1223 codiee

284 1261 398 1324 Fausti
429 1280 510 1344 quas
537 1261 579 1325 ad
609 1261 755 1327 diversos
783 1262 872 1326 dedit
898 1261 1079 1346 Lucidique
1109 1261 1268 1347 epistulas
1297 1261 1336 1325 iis
1365 1262 1444 1326 locis
1472 1262 1615 1325 insertas
1644 1281 1733 1341 esse,
1761 1261 1815 1346 qui
1843 1261 1938 1326 vacui

282 1371 503 1448 superessent.
540 1363 646 1437 Quam
663 1365 704 1429 ob
722 1386 788 1429 rem
805 1366 984 1450 pleraeque
1001 1365 1119 1450 inipso
1135 1365 1290 1449 principio
1307 1364 1486 1429 collocatae
1503 1370 1588 1444 sunt,
1611 1364 1696 1429 duae
1707 1364 1733 1448 ¹)
1756 1384 1835 1428 vero
1852 1364 1940 1429 inter

282 1467 441 1552 epistulas
458 1466 601 1531 Rufrasii
624 1475 657 1532 ot
673 1467 819 1533 Caesarii
842 1468 884 1531 ad
899 1467 1066 1532 Ruricium
1082 1467 1175 1530 dates
1196 1468 1421 1553 interpositae.
1457 1467 1494 1531 Iu
1516 1467 1601 1532 hane
1620 1472 1730 1532 autem
1750 1467 1937 1552 opinionem

285 1569 318 1633 id
341 1570 542 1653 potissimum
567 1591 617 1633 me
641 1570 743 1645 duxit,
768 1571 854 1655 quod
877 1572 910 1634 in
934 1570 1142 1656 Sangallensi
1166 1571 1326 1655 epistulae
1350 1569 1391 1633 ad
1414 1570 1584 1634 Ruricium
1611 1570 1707 1634 datae
1730 1591 1751 1634 a
1773 1570 1873 1634 tertia
1894 1568 1936 1634 ad

283 1672 488 1736 undecimam
512 1675 654 1737 numeris
677 1673 823 1738 Ill-xl
847 1673 1020 1738 distinctae
1044 1680 1135 1751 sunt,
1157 1674 1248 1737 nulla
1271 1675 1395 1737 ratione
1419 1673 1533 1737 habita
1551 1673 1746 1758 scriptarum
1770 1694 1790 1736 a
1811 1671 1937 1737 Fausto

282 1774 324 1838 ad
352 1774 511 1840 diversos.
557 1776 740 1862 Epistulam
762 1775 813 1840 XI
836 1776 977 1842 Rufrasii
1001 1776 1042 1841 ad
1065 1777 1235 1841 Ruricium
1262 1784 1442 1862 sequuntur
1464 1776 1549 1842 duae
1580 1798 1662 1862 quas
1686 1778 1937 1842 commemoravi

283 1878 395 1942 Fausti
424 1881 600 1965 epistulae,
624 1901 762 1965 quarum
785 1880 872 1966 prior
899 1881 998 1944 etiam
1021 1902 1191 1944 numerum
1219 1880 1283 1945 fert
1304 1878 1386 1954 XII;
1415 1886 1528 1944 carent
1558 1881 1701 1945 numeris
1730 1885 1765 1944 et
1792 1899 1939 1964 sequeus

283 1982 397 2046 Fausti
427 1989 462 2047 et
491 2004 551 2047 eae
583 2004 663 2067 quas
688 1982 864 2047 Caesarius
889 1982 1096 2068 Sedatusque
1125 1982 1165 2047 ad
1197 1983 1366 2048 Ruricium
1395 1982 1566 2049 dederuut.
1618 1982 1692 2047 Duo
1721 1983 1938 2069 epistularum

282 2106 418 2171 corpora
440 2087 471 2149 in
492 2087 522 2149 G
540 2088 665 2163 coiisse,
690 2088 846 2151 etiamen
862 2088 1005 2151 numeris
1022 2088 1270 2172 quaternionum
1287 2087 1504 2172 intellegitur:
1529 2107 1603 2150 narn
1621 2088 1742 2174 primus
1758 2086 1939 2151 fasciculus

282 2210 313 2275 p.
335 2192 370 2252 17
394 2192 440 2267 fr.
460 2189 487 2252 1.
512 2189 658 2274 signatus
676 2197 737 2270 est,
761 2190 802 2252 ab
825 2210 863 2254 eo
879 2197 988 2253 autern
1005 2188 1060 2274 qui
1075 2190 1212 2275 paginas
1229 2192 1356 2254 50-65
1374 2190 1601 2276 complectitur
1621 2191 1737 2254 iterum
1754 2190 1938 2256 numeratio

283 2294 397 2379 incipit
424 2293 466 2357 ab
490 2292 516 2372 I,
540 2315 681 2379 porgens
708 2291 827 2358 deinde
861 2294 1012 2358 continuo
1036 2293 1148 2357 ordine
1173 2292 1213 2358 ad
1237 2293 1337 2358 XVII
1360 2292 1405 2380 (p.
1432 2293 1520 2379 317).
1572 2294 1664 2368 Quae
1696 2314 1770 2357 eum
1799 2293 1846 2358 ita
1873 2293 1940 2358 sint

284 2398 424 2482 primum
447 2397 553 2460 locum
578 2395 652 2459 dodi
669 2398 796 2482 corpori
812 2399 1025 2483 epistularum
1042 2420 1123 2483 quas
1139 2399 1262 2464 diversi
1279 2399 1320 2463 ad
1334 2399 1505 2464 Ruricium
1521 2400 1732 2486 seripserunt,
1757 2397 1939 2463 seeundum

282 2500 396 2564 Fausti
423 2500 574 2586 epistulis
608 2500 649 2563 ad
677 2499 822 2565 diversos
851 2501 947 2568 datis.
992 2502 1062 2566 Has
1095 2508 1209 2592 autem
1240 2502 1286 2566 ita
1312 2502 1474 2588 disposui,
1508 2509 1545 2566 ut
1579 2523 1663 2587 quae
1692 2503 1724 2565 iu
1755 2500 1939 2569 Parisiensi

283 2624 414 2688 quoque
438 2602 550 2668 codice
574 2612 723 2669 servatae
748 2611 823 2668 sunt
845 2606 1096 2691 praemitterem.

391 2705 544 2790 Denique
574 2706 745 2773 Theodoro
774 2708 956 2773 Mommsen
980 2710 1065 2793 grati
1087 2710 1185 2773 animi
1210 2731 1341 2774 sensum
1367 2715 1523 2774 testatum
1548 2730 1620 2773 csso
1645 2708 1733 2787 volo,
1761 2709 1939 2793 quiquam

284 2810 381 2874 callot
405 2808 600 2874 emendandi
628 2817 732 2875 artem
761 2811 866 2874 textui
897 2811 1098 2876 restituendo
1123 2813 1301 2876 liberaliter
1323 2811 1481 2876 adhibuit.
1519 2811 1643 2876 Ruricii
1660 2812 1820 2896 epistulas
1837 2812 1939 2876 etiarn

283 2913 492 2999 Luetjohann
515 2914 773 2998 perlustraverat
802 2934 951 2999 quaeque
983 2914 1045 2979 sibi
1068 2916 1100 2978 in
1133 2920 1275 2979 mentem
1299 2920 1458 2979 venerant
1487 2915 1690 2979 coniecturas
1713 2913 1939 2981 adnotaverat.

389 3051 540 3116 Benene
563 3072 677 3116 mense
702 3051 793 3138 Sept.
821 3054 911 3116 1886.

1468 3144 1595 3217 Bnouo
1622 3144 1781 3218 Knoscn.

388 3328 410 3395 ¹)
429 3327 461 3380 ln
480 3326 572 3380 indice
590 3326 681 3380 altera
699 3326 880 3381 desideratur.
