4462 6216
783 379 1219 453 translata-maa.
1757 391 1816 454 301

176 557 217 621 de
250 556 357 622 reditu
390 576 486 641 quam
520 556 680 642 imputare
713 557 754 622 de
788 558 893 644 lapsu.
944 557 1086 642 deniquo
1120 579 1184 623 non
1220 559 1251 623 ei
1285 560 1524 646 exprobrantur
1557 561 1717 642 facinora,
1755 583 1822 627 non
1876 555 1911 630 G

175 662 314 743 luxuria,
337 682 403 724 non
427 667 574 745 egestas;
605 662 675 726 sola
698 664 846 728 conversi
869 665 1015 729 reversio
1039 664 1147 728 omnia
1170 663 1289 728 damna
1311 670 1512 751 compensat,
1535 664 1611 750 quia
1633 665 1736 730 maior
1757 664 1820 729 luit

175 766 290 852 procul
312 765 410 829 dubio
432 766 519 850 patri
541 765 679 829 facultas
702 765 827 831 reditus
844 788 941 852 quam
956 789 1065 833 rerum
1081 767 1233 833 facultas.
1269 768 1379 853 itaque
1396 768 1561 832 abscessio
1577 788 1668 833 reum
1684 768 1818 848 lecerat,
1852 771 1870 832 7

174 871 337 955 regressio
360 868 437 933 lecit
456 868 616 933 insontem
639 875 672 934 et
690 870 913 935 misericordia
932 871 1053 936 sufficit
1075 870 1198 951 heredi,
1222 871 1299 956 quin
1324 871 1422 935 etiam
1448 877 1607 957 paternae
1627 872 1819 937 clementiae

136 989 147 1026 ⁵
175 975 271 1038 venia
294 973 364 1037 sola
386 993 450 1037 non
475 972 603 1050 sufficit,
627 973 713 1057 quod
736 975 820 1038 ulnis
843 974 942 1054 fovet,
972 974 1059 1059 quod
1081 976 1188 1059 gratia
1210 975 1402 1060 permulcet,
1431 975 1494 1039 nisi
1518 982 1708 1039 et-munera
1729 975 1821 1060 larga

174 1077 378 1163 multiplicet.
419 1076 475 1139 dat
495 1076 638 1157 anulum,
661 1097 703 1140 ne
726 1097 838 1141 rursus
862 1098 882 1140 a
904 1083 1009 1163 patre,
1032 1077 1169 1164 perfidia
1190 1076 1386 1160 abducente,
1410 1077 1574 1153 discedat;
1598 1079 1821 1144 calceamenta
1852 1081 1872 1144 8

177 1179 233 1245 dat
255 1180 402 1266 podibus,
425 1200 488 1264 quo
511 1180 641 1244 facilius
664 1180 758 1245 ardui
779 1182 906 1247 itineris
930 1203 1047 1268 aspera
1070 1188 1104 1247 et
1122 1182 1203 1246 dura
1219 1189 1418 1258 contemnat;
1442 1182 1499 1247 dat
1513 1189 1548 1249 et
1562 1183 1666 1270 ipsam
1683 1183 1819 1268 primam

175 1304 271 1369 quam
301 1282 489 1370 perdiderat
517 1283 648 1365 stolam,
678 1291 715 1349 ut
741 1304 838 1369 quem
861 1306 881 1349 a
903 1293 1008 1350 morte
1031 1292 1215 1372 receperat,
1244 1287 1383 1372 pristina
1405 1285 1648 1351 immortalitate
1671 1285 1819 1352 donaret.

174 1388 270 1452 datur
300 1388 398 1452 etiam
429 1387 500 1472 ipse
532 1387 650 1451 iuniori
672 1388 794 1452 vitulus
822 1410 969 1471 reverso,
999 1391 1053 1476 qui
1083 1390 1202 1454 seniori
1226 1411 1330 1474 agnus
1353 1390 1449 1455 datus
1472 1389 1581 1455 tuerat
1603 1390 1642 1455 de
1665 1390 1819 1477 Aegypto

123 1507 147 1545 ¹⁰
173 1493 373 1580 profecturo,
410 1492 485 1576 qnia
515 1490 585 1577 ipse
621 1490 729 1556 educit
766 1513 808 1557 ex
836 1493 989 1579 Aegypto
1021 1501 1123 1578 pater.
1177 1494 1259 1557 tanti
1298 1493 1444 1579 parentis
1479 1494 1607 1558 imitare
1641 1500 1677 1558 tu
1710 1493 1818 1573 fidem,
1851 1497 1870 1558 9

173 1596 266 1661 trade
289 1595 514 1681 peccatoribus
537 1594 747 1673 adiutorium,
777 1602 908 1682 praesta
930 1596 1123 1661 conantibus
1146 1597 1386 1679 remissionem,
1409 1597 1677 1662 intercessionem
1700 1597 1819 1683 largire

174 1704 406 1788 confitentique
429 1703 495 1766 filio
519 1723 584 1766 non
608 1702 713 1766 solum
737 1702 808 1787 ipse
832 1703 959 1767 veniam
982 1702 1100 1779 tribue,
1124 1701 1184 1766 sed
1206 1702 1277 1787 ipse
1300 1702 1429 1765 veniam
1453 1699 1640 1787 deprecare,
1664 1706 1700 1764 ut
1722 1721 1819 1785 quem

173 1809 206 1871 in
228 1808 402 1892 peregrina
424 1806 530 1890 patria
553 1806 703 1891 appellas
725 1806 880 1887 liberum,
909 1807 942 1870 in
969 1807 1102 1892 propria
1131 1806 1237 1892 possis
1259 1804 1372 1870 videre
1398 1805 1585 1886 liberatum,
1616 1812 1649 1870 et
1675 1806 1729 1890 qui
1758 1827 1819 1891 per

174 1934 210 1978 se
233 1912 340 1976 amisit
363 1909 558 1974 dominicam
589 1910 834 1989 liberalitatem,
865 1931 924 1996 per
951 1916 984 1975 te
1007 1916 1175 1976 mereatur
1197 1910 1352 1995 consequi
1373 1909 1558 1975 libertatem
1582 1929 1642 1973 nec
1666 1931 1687 1975 a
1709 1915 1818 1974 restro

121 2031 145 2070 1⁵
172 2021 342 2102 separetur
365 2014 498 2095 solacio,
521 2015 577 2099 qui
600 2020 824 2100 sequestratur
845 2035 865 2079 a
887 2015 1041 2102 praemio.

964 2273 1027 2340 ΙΙΙ.

208 2426 562 2496 DEVINOTISSIMO
584 2425 706 2491 FILIO
731 2426 1003 2503 SEMPERQUE
1027 2427 1280 2494 MAGNIFIOO
1302 2428 1530 2494 HESPERIO
1554 2428 1779 2494 RURIOIUS.

278 2582 451 2676 Sanianum
474 2608 553 2672 mihi
576 2608 618 2673 ad
640 2609 891 2676 unanimitatem
914 2618 1003 2675 tuam
1026 2609 1160 2691 adituum,
1184 2630 1280 2695 quem
1303 2611 1513 2675 obstruxerat
1527 2611 1701 2697 imperitia,
1724 2616 1817 2695 pate·
1853 2613 1867 2673 1

170 2717 248 2781 fecit
277 2715 414 2779 affectus
444 2718 477 2776 et
509 2713 564 2776 illa
590 2710 790 2777 dominatrix
820 2715 962 2780 omnium
991 2715 1114 2799 pietas,
1148 2735 1209 2800 per
1238 2735 1335 2799 quam
1364 2714 1540 2778 flectuntur
1566 2712 1686 2799 rigida,
1716 2734 1819 2778 saxea

119 2836 144 2876 2⁰
172 2821 368 2898 molliuntur,
410 2817 565 2883 sedantur
597 2816 736 2896 tumida,
771 2818 936 2882 leniuntur
971 2838 1103 2902 aspera,
1139 2822 1325 2881 tumescunt
1358 2816 1463 2892 lenia,
1499 2819 1676 2882 mitescunt
1708 2838 1818 2898 saeva,

171 2926 322 2990 saeviunt
343 2924 451 2996 mitia,
482 2920 706 2986 accenduntur
735 2920 879 3007 placida,
911 2928 1073 2985 acuuntur
1101 2921 1212 2998 bmta,
1243 2919 1449 2984 dominantur
1477 2921 1631 3001 barbara,
1661 2921 1817 2985 immania

169 3032 351 3116 placantur,
382 3029 480 3090 etiam
504 3027 537 3088 in
559 3046 612 3089 me
636 3046 718 3110 opus
742 3046 835 3088 suum
859 3045 1037 3110 peragens,
1070 3045 1107 3088 os
1130 3024 1261 3109 elingue
1285 3024 1461 3104 reseravit,
1490 3023 1672 3110 producens
1695 3047 1748 3090 me
1773 3047 1816 3091 ex

169 3134 329 3198 tutissimo
364 3131 484 3195 silentii
517 3149 652 3193 recessu
687 3127 729 3191 ad
758 3128 925 3214 publicum
955 3128 1259 3213 formidandumque
1289 3129 1460 3209 iudicium,
1494 3135 1527 3193 et
1554 3129 1689 3194 invitata
1711 3131 1814 3194 vestri

169 3257 252 3301 nova
282 3235 389 3299 subire
418 3232 595 3318 compellit,
631 3232 756 3296 scilicet
788 3239 824 3296 ut
854 3233 908 3317 qui
937 3233 1097 3298 hactenus
1125 3233 1215 3297 illam
1246 3234 1442 3297 sententiam
1471 3238 1602 3298 secutus
1638 3234 1814 3318 antiquam,
1847 3235 1867 3297 2

116 3355 141 3394 2⁵
169 3361 232 3425 qua
261 3338 380 3402 dicitur
408 3356 644 3422 saepenumero
668 3341 837 3421 praestare
861 3344 972 3402 tacere
995 3357 1093 3421 quam
1115 3336 1240 3419 dicere,
1270 3336 1476 3401 inscientiam
1507 3357 1616 3401 meam
1644 3337 1814 3401 maluerim

170 3441 387 3507 verecundiae
414 3441 639 3504 taciturnitate
662 3446 774 3523 tegere
804 3460 899 3526 quam
929 3439 1137 3526 impudenter
1165 3439 1326 3504 incondito
1358 3460 1508 3505 sermone
1535 3439 1700 3526 prolerre,
1731 3460 1816 3504 nunc

167 3553 234 3611 tam
268 3545 514 3610 consuetudinis
548 3565 642 3608 meae
680 3543 851 3608 immemor
885 3564 982 3628 quam
1017 3544 1210 3609 rusticitatis
1246 3543 1381 3626 oblitus,
1423 3544 1515 3628 quasi
1550 3564 1592 3607 ex
1626 3544 1747 3608 Arione
1782 3545 1815 3608 in

169 3650 335 3737 Orpheum
364 3654 499 3733 repente
527 3655 684 3725 mutatus,
715 3648 810 3711 velim
840 3647 1063 3711 disertissimis
1093 3647 1224 3711 auribus
1251 3649 1315 3711 tuis
1338 3668 1392 3711 ore
1415 3647 1546 3732 garrulo
1568 3667 1633 3710 non
1655 3654 1720 3711 tam
1745 3647 1821 3711 ora--

169 3756 275 3818 ciosus
305 3762 401 3838 quam
430 3751 605 3815 iniuriosus
636 3752 794 3830 existere,
823 3751 900 3815 dum
923 3759 957 3817 et
979 3754 1092 3837 ignota
1114 3760 1298 3840 pertempto
1322 3759 1356 3817 et
1378 3753 1508 3818 insueta
1530 3773 1712 3838 praesumo.
1757 3752 1815 3818 sed
1849 3755 1867 3816 3

117 3872 143 3911 ³⁰
170 3856 303 3936 dabitis,
332 3861 369 3918 ut
391 3877 475 3936 reor,
499 3854 627 3918 veniam
650 3855 796 3919 venienti
820 3877 864 3919 ex
885 3856 1129 3922 necessitudine
1153 3856 1361 3921 necessariae
1385 3856 1608 3936 necessitatis,
1641 3857 1718 3942 quia
1740 3856 1816 3941 quid

169 3960 300 4024 dilectio
332 3961 364 4023 in
398 3959 584 4022 mortalium
620 3958 782 4022 mentibus
817 3959 958 4024 naturali
992 3965 1156 4046 potestate
1192 3961 1254 4024 sibi
1289 3960 1446 4041 vindicet,
1484 3960 1650 4025 conscium
1684 3966 1816 4025 mutuae

169 4065 332 4151 passionis
365 4071 476 4148 pectus
511 4062 671 4146 agnoscit.
729 4084 808 4147 ergo
842 4084 883 4127 ne
918 4064 1121 4127 excusationi
1155 4062 1277 4128 diutius
1317 4066 1542 4143 immorantes,
1582 4065 1628 4127 ita
1661 4064 1816 4150 paginam
1848 4068 1867 4126 4

168 4169 356 4245 dilatemus,
379 4173 415 4228 ut
439 4186 501 4228 non
525 4165 629 4229 solum
653 4165 712 4229 tibi
734 4187 799 4230 non
824 4166 981 4231 exhibeat
1004 4188 1111 4231 sermo
1135 4166 1327 4253 incomptior
1349 4204 1438 4243 22222
1462 4188 1574 4232 verum
1598 4146 1700 4232 etiam'
1720 4168 1815 4252 copia

168 4271 352 4336 inordinata
371 4268 550 4348 fastidium,
573 4270 638 4332 iam
655 4270 687 4333 in
703 4290 817 4333 vocem
832 4270 966 4355 pietatis
983 4271 1182 4356 erumpimus
1199 4278 1233 4334 et
1248 4270 1484 4335 desideriorum
1501 4269 1601 4334 verba
1616 4277 1815 4349 ructuamus,

116 4390 141 4428 ³⁵
169 4373 434 4440 commendantes
457 4371 516 4435 tibi
546 4372 663 4457 pignus
694 4380 856 4455 nostrum,
887 4374 1072 4460 depositum
1103 4383 1211 4453 tuum,
1242 4375 1333 4439 cuius
1362 4396 1422 4438 nos
1450 4373 1656 4459 susceptione
1688 4374 1814 4460 cepisti.

168 4479 228 4543 tibi
252 4478 338 4542 enim
363 4497 456 4562 spem
479 4476 680 4561 posteritatis
704 4497 809 4554 meae,
832 4477 890 4541 tibi
906 4478 1064 4543 solacium
1081 4479 1166 4543 vitae
1184 4479 1367 4564 praesentis
1384 4484 1417 4541 et
1432 4479 1593 4556 levamen,
1618 4479 1646 4541 si
1662 4476 1815 4542 divinitas
1847 4481 1866 4540 5

167 4581 333 4660 adnuerit,
363 4580 505 4660 futurae,
537 4579 597 4644 tibi
627 4600 692 4644 una
721 4583 829 4645 omnia
858 4602 932 4645 mea
958 4588 1033 4646 vcta
1066 4583 1222 4646 commisi.
1268 4589 1301 4645 te
1332 4581 1512 4647 elicitorem
1544 4587 1578 4645 et
1606 4581 1816 4645 formatorem

168 4686 352 4771 lapillorum
376 4684 544 4759 nobilium,
568 4691 599 4747 te
623 4685 811 4749 rimatorem
834 4686 914 4764 auri,
945 4692 978 4749 te
1002 4691 1203 4772 repertorem
1226 4706 1330 4772 aquae
1353 4686 1486 4750 latentis
1510 4686 1605 4768 elegi,
1634 4683 1688 4769 qui
1711 4683 1813 4747 scires

270 4892 287 4943 o
306 4890 371 4944 Luc.
391 4891 449 4955 XV,
467 4892 509 4943 22.
596 4891 612 4942 9
631 4888 696 4943 Luc.
717 4889 776 4955 XV,
794 4891 836 4944 23.
889 4889 975 4946 Exod.
993 4889 1054 4954 XII,
1071 4892 1097 4946 3.

271 5011 337 5079 lei]
356 5015 419 5066 etG
515 5012 700 5080 2cormersas,
718 5013 920 5065 ras.ccutsG
1015 5011 1174 5080 3iuqueo
1234 5011 1316 5081 reum]
1336 5031 1353 5065 ιι
1371 5031 1463 5065 ecorr.
1478 5009 1521 5064 θ’
1617 5011 1715 5080 4ιιιιίιι
1732 5013 1809 5066 ctiam

166 5103 243 5153 uenia
260 5103 329 5152 sola:
353 5109 472 5167 patenme
497 5101 648 5153 clementiae
665 5119 717 5152 non
735 5099 1071 5152 sufficitconi.d10mmaea
1149 5108 1175 5152 at
1191 5118 1205 5153 e
1222 5119 1290 5152 corr.
1305 5102 1345 5152 θ’
1423 5101 1552 5152 horedus·
1576 5117 1643 5152 corr.
1666 5101 1752 5152 heredi
1772 5100 1813 5151 0¹

166 5188 313 5255 biargatl
416 5186 432 5237 t
450 5189 546 5255 perlida
562 5188 674 5239 abducas
690 5188 740 5252 θ’,
758 5189 864 5254 perfidia
882 5188 947 5238 duos
965 5195 988 5237 et
1004 5188 1032 5237 in
1049 5205 1098 5253 my.
1117 5187 1179 5239 odd.
1198 5188 1232 5240 al.
1251 5189 1346 5255 perlida
1363 5188 1505 5238 abducente
1521 5187 1560 5237 0²
1665 5186 1699 5237 10
1717 5188 1815 5239 imitare

167 5274 206 5342 tu]
223 5276 374 5335 Mommsen,
392 5277 490 5326 imitare
501 5283 590 5327 tantus
604 5276 730 5338 Canities,
748 5274 941 5338 imitantur0¹,
957 5274 985 5325 iu
996 5291 1045 5340 ηις.
1055 5275 1118 5326 add.
1128 5275 1160 5326 al.
1174 5276 1244 5325 imita
1256 5275 1296 5325 0²
1384 5271 1414 5323 ll
1430 5274 1646 5324 intercessione&
1733 5272 1814 5325 lbos-

166 5370 280 5428 questrat
295 5363 343 5426 0¹,
360 5362 479 5412 coram
531 5358 557 5426 a]
577 5361 662 5413 onaG
747 5359 781 5412 22
799 5361 971 5428 selinguaeG
1056 5359 1090 5413 23
1108 5359 1228 5428 incitata]
1242 5361 1392 5423 Mammea,
1410 5360 1493 5410 inuita
1509 5359 1597 5411 iamG
1682 5357 1816 5411 aliano

165 5445 261 5512 arione]
279 5447 348 5497 illud
366 5446 555 5512 Vergilianum:
572 5448 605 5497 sit
617 5448 723 5512 Tityrus
735 5447 861 5514 Orpheus,
878 5448 996 5514 Orpheus
1014 5448 1040 5498 in
1059 5449 1139 5513 silvis,
1158 5449 1224 5499 inter
1235 5448 1368 5515 delphinas
1380 5447 1460 5497 Arion
1475 5444 1574 5510 (Eclop.
1590 5445 1814 5509 vuaratttone

165 5533 272 5583 stolidam
289 5533 357 5582 πιαὶε
374 5533 526 5583 intellectore
542 5533 650 5595 ridetur,
667 5541 695 5582 ut
712 5535 809 5585 monrrs'l
827 5535 968 5586 anmsen
1079 5532 1114 5587 28
1131 5537 1274 5587 orfeumt}
1342 5533 1474 5584 uellimO
1584 5530 1754 5601 aspernato
1774 5533 1813 5583 6¹¹

165 5616 200 5668 30
218 5620 360 5669 necessitati
377 5621 400 5667 0
503 5616 538 5668 32
556 5620 632 5668 immo
649 5621 815 5671 morantcstl
918 5620 953 5672 33
970 5623 1092 5689 suppleas
1110 5623 1267 5688 voluptatem
1372 5618 1406 5670 38
1423 5620 1500 5670 lantis
1513 5619 1560 5682 0¹,
1578 5620 1714 5683 lentisti’,
1732 5621 1814 5675 laticis

165 5706 228 5755 corii.
243 5704 384 5754 Monmrsea
454 5706 514 5771 eligi
536 5705 558 5754 0
627 5708 700 5757 sciris
720 5708 743 5756 0
