4462 6216
923 332 1228 401 vnce-ursi.

1052 609 1112 676 IX.

349 760 527 826 DOMINO
552 761 727 827 SANOTO
750 761 809 827 AO
832 762 1105 829 BEATISSIMO
1130 763 1187 828 ET
1210 762 1493 829 APOSTOLIOA
1517 763 1810 828 REVERENTIA

625 865 922 932 SUSPIOIENDO
946 866 1093 932 PAPAE
1117 865 1305 970 EURIOIO
1330 866 1542 932 SEDATUS.

365 982 465 1077 Sans
489 1011 610 1078 credidi
643 1019 691 1091 et,
721 1013 902 1097 quamlibet
928 1014 1020 1078 vobis
1048 1013 1245 1079 laboriosum
1273 1018 1374 1093 esset,
1404 1013 1615 1077 vehementer
1641 1014 1764 1099 optavi,
1796 1020 1832 1076 ut
1860 1012 1900 1077 ad
1937 1017 1946 1076 1

221 1129 232 1166 ⁵
262 1097 495 1181 necessitatem
521 1117 632 1195 istam,
667 1137 750 1201 quae
778 1116 830 1180 hic
857 1138 916 1181 nos
945 1117 1106 1193 exhibuit,
1139 1118 1293 1181 veniretis
1321 1118 1373 1181 vel
1408 1138 1467 1202 per
1494 1117 1699 1181 occasionem
1735 1123 1767 1180 et
1799 1117 1900 1181 bene-

262 1217 437 1284 dictionem
461 1226 602 1284 vestram
625 1240 768 1283 mererer
790 1226 823 1283 et
845 1218 1043 1285 desiderium
1067 1241 1236 1285 commune
1260 1227 1370 1284 mutuo
1395 1221 1570 1284 satiaretur
1592 1227 1740 1306 aspectu;
1764 1227 1797 1284 et
1812 1241 1900 1299 vere,

260 1329 470 1408 posteaquam
483 1345 534 1388 me
550 1324 756 1408 praesentiae
771 1329 899 1389 vestrae
915 1344 989 1410 spes
1005 1324 1159 1390 frustrata
1176 1329 1235 1404 est,
1255 1324 1347 1388 velut
1362 1323 1403 1388 de
1419 1329 1567 1388 votorum
1583 1324 1724 1388 eulmine
1741 1323 1897 1403 deiectus,

261 1461 308 1488 ..-
330 1433 363 1489 et
385 1426 531 1490 laborem
555 1428 609 1512 qui
631 1427 777 1490 incubuit
800 1432 832 1491 et
856 1427 1039 1493 absentiam
1061 1427 1175 1492 domus
1204 1435 1237 1493 et
1263 1427 1370 1492 omnia
1397 1429 1513 1513 quibus
1541 1425 1711 1512 aegritudo
1742 1425 1900 1513 deceptae

262 1529 331 1613 spei
355 1535 388 1593 et
411 1531 559 1594 anxietas
589 1530 771 1595 cumulatur
797 1530 830 1594 in
858 1531 1001 1595 animum
1027 1552 1137 1595 meum
1166 1531 1286 1616 pariter
1313 1537 1543 1595 convenerunt.
1588 1537 1622 1594 et
1650 1531 1712 1594 scit
1741 1529 1901 1610 dominus,
1934 1535 1953 1594 2

210 1646 234 1682 1⁰
263 1630 349 1715 quod
373 1633 400 1695 si
423 1633 507 1697 viras
531 1639 743 1720 suppeterent
766 1642 821 1698 aut
844 1656 959 1720 parere
983 1633 1157 1699 desideriis
1173 1634 1290 1699 aetatis
1307 1634 1477 1700 infirmitas
1493 1640 1661 1720 pateretur
1676 1640 1732 1698 aut
1748 1635 1775 1698 si
1790 1639 1902 1698 essent

262 1736 424 1813 animalia,
449 1737 565 1822 quihus
588 1742 714 1801 tantum
737 1738 795 1801 tali
817 1747 965 1825 tempere
987 1746 1098 1825 posset
1120 1739 1245 1804 itineris
1269 1739 1432 1825 expediri,
1456 1758 1521 1801 non
1543 1737 1632 1824 prius
1656 1757 1717 1822 ego
1739 1758 1759 1801 a
1781 1736 1901 1802 Tolosa

262 1847 452 1917 reverterer,
482 1860 579 1924 quam
609 1839 820 1906 beatitudinis
844 1848 970 1905 vestrae
1000 1849 1033 1906 et
1061 1842 1233 1927 singularis
1263 1842 1349 1906 illius
1379 1842 1523 1906 caritatis
1552 1840 1813 1906 benedictionem
1843 1840 1900 1905 de-

261 1941 527 2008 sideratissimam
554 1965 768 2029 promererer.
813 1944 871 2010 sed
894 1946 971 2031 quia
998 1945 1080 2014 haec
1103 1967 1188 2031 qnae
1208 1966 1307 2032 supra
1329 1944 1415 2009 dicta
1439 1950 1514 2008 sunt
1536 1943 1705 2009 desideriis
1729 1945 1900 2023 obsistunt,
1933 1947 1952 2007 3

260 2066 338 2129 rogo
362 2053 395 2110 et
417 2069 476 2133 per
498 2046 662 2112 Christum
686 2069 744 2112 vos
768 2047 890 2128 adiuro,
916 2055 953 2112 ut
974 2069 1026 2112 me
1049 2048 1141 2113 vobis
1162 2054 1273 2113 vestra
1296 2068 1426 2134 semper
1447 2048 1553 2133 pietas
1576 2053 1812 2134 repraesentet,
1841 2067 1901 2111 nec
1941 2127 1943 2131 .

209 2163 232 2201 1⁵
260 2149 437 2233 patiamini,
465 2158 501 2214 ut
523 2172 581 2235 pro
605 2151 784 2216 officiorum
807 2151 959 2216 tarditate
983 2151 1152 2216 caritatem
1174 2151 1344 2215 imminuat
1366 2157 1424 2215 aut
1445 2151 1584 2216 offuscet
1606 2150 1737 2230 obhvio,
1761 2150 1818 2215 sed
1841 2171 1900 2237 pro

260 2273 327 2328 me,
358 2253 441 2315 sieut
463 2252 572 2318 facere
595 2273 652 2318 vos
676 2259 784 2318 certus
812 2276 900 2334 sum,
929 2255 1134 2319 incessanter
1162 2255 1259 2319 oretis
1289 2259 1336 2333 ct,
1367 2255 1517 2339 quotiens
1545 2258 1764 2341 opportunum
1793 2252 1902 2333 fuerit,

260 2376 389 2420 servum
412 2362 555 2420 vestrum
577 2379 638 2442 per
655 2357 817 2443 colloquia
839 2359 1020 2422 litterarum
1044 2359 1178 2422 visitare
1201 2357 1390 2442 dignemini.

1060 2651 1102 2715 X.

509 2803 686 2868 DOMINO
711 2803 885 2869 SANOTO
908 2804 966 2869 AO
991 2803 1261 2869 BEATISSIMO
1284 2805 1342 2869 ET
1365 2804 1649 2869 APOSTOLIOA

208 2918 233 2957 20
282 2906 576 2972 REVERENTIA
601 2906 896 2972 SUSPIOIENDO
919 2907 1066 2972 PAPAE
1090 2906 1147 2972 ET
1170 2906 1265 2972 MEO
1289 2905 1495 2972 SPEOIALI
1518 2906 1640 2971 APUD
1664 2905 1878 2970 DOMINUM

752 3010 963 3077 PATRONO
986 3011 1172 3077 RURIOIO
1197 3010 1411 3076 SEDATUS.

363 3128 512 3222 Rursum
535 3181 587 3223 me
609 3158 695 3222 filius
719 3164 837 3239 noster,
860 3158 999 3223 salutem
1022 3158 1317 3243 salutationemque
1341 3163 1430 3221 tuam
1452 3158 1616 3236 nuntians,
1640 3177 1698 3243 per
1721 3176 1817 3241 quern
1840 3177 1900 3241 ego
1935 3161 1948 3220 1

261 3281 341 3345 quas
365 3283 430 3324 non
452 3264 556 3326 merui
579 3263 706 3327 litteras
728 3262 819 3343 dedi,
851 3284 893 3327 ex
915 3262 977 3327 hoo
1000 3261 1161 3327 desiderio
1183 3284 1255 3326 meo
1278 3261 1500 3341 satisfaciens,
1530 3261 1558 3326 si
1581 3260 1633 3324 vel
1656 3259 1755 3324 officii
1778 3259 1899 3325 advos

260 3364 381 3448 pagina
413 3366 610 3450 perveniret.
660 3368 765 3431 saluto
794 3367 904 3451 itaque
934 3366 1107 3452 plurimum
1136 3373 1170 3430 et
1197 3386 1276 3450 rogo
1306 3385 1365 3452 per
1391 3365 1481 3429 illam
1509 3365 1679 3428 caritatem
1708 3385 1791 3449 quae
1820 3362 1899 3428 mihi
1931 3364 1951 3425 2

207 3477 231 3516 ²⁵
262 3466 414 3531 affectum
437 3468 722 3555 dignationemque
751 3478 840 3534 tuam
868 3471 1008 3548 nuntiat,
1042 3492 1082 3535 ne
1109 3475 1142 3534 te
1170 3469 1295 3555 pigeat,
1328 3469 1477 3554 quotiens
1505 3476 1737 3554 opportunum,
1768 3487 1898 3531 servum

259 3575 349 3634 tuum
373 3570 554 3636 litterarum
578 3594 713 3638 munere
736 3574 879 3653 visitare,
902 3574 978 3659 quia
1000 3579 1103 3638 testor
1126 3571 1239 3653 deum,
1262 3569 1348 3657 qnod
1370 3576 1442 3658 post
1464 3570 1686 3656 praesentiam
1708 3575 1797 3635 tuam
1819 3568 1899 3633 nihil

258 3673 337 3735 mihi
355 3673 480 3738 dulcius
498 3681 558 3756 est,
583 3697 680 3760 quam
701 3678 729 3741 si
749 3678 943 3762 colloquium
962 3675 1277 3742 desiderantissimae
1296 3675 1428 3761 pietatis
1447 3674 1500 3739 vel
1515 3674 1695 3739 litterarum
1711 3672 1899 3758 dignatione

260 3796 419 3841 meruero.
465 3799 544 3863 rogo
569 3780 667 3843 etiam
690 3787 724 3845 et
746 3781 833 3844 omni
854 3801 952 3865 prece
976 3779 1128 3864 deposco,
1151 3785 1187 3843 ut
1209 3799 1267 3865 pro
1291 3799 1354 3858 me,
1378 3778 1463 3843 sicut
1484 3777 1593 3842 facere
1610 3798 1668 3841 vos
1685 3782 1792 3841 certus
1816 3796 1897 3857 snm,
1931 3777 1950 3839 3

261 3879 331 3943 sine
365 3883 548 3948 cessatione
582 3883 785 3948 intercedere
820 3891 854 3949 et
887 3904 979 3948 orare
1014 3883 1201 3969 dignemini.
1251 3882 1335 3946 filios
1368 3888 1496 3946 nostros
1531 3888 1564 3946 et
1591 3901 1751 3946 venerans
1780 3885 1813 3944 et
1840 3878 1898 3944 de-

207 3996 233 4034 30
262 3983 406 4047 siderans
430 3985 545 4049 saluto.

1050 4193 1110 4258 XI.

435 4347 612 4411 DOMINO
637 4346 822 4427 SANOTO,
846 4346 1028 4411 MERITIS
1051 4346 1334 4427 BEATISSIMO,
1357 4345 1506 4410 PAPAE
1528 4342 1728 4410 HONORIS

315 4449 463 4514 CULTU
487 4450 784 4516 SUSPIOIENDO
809 4450 960 4525 ATQUE
984 4449 1264 4516 APOSTOLIOO
1287 4449 1434 4529 PATRI,
1456 4446 1634 4513 DOMINO
1656 4447 1845 4513 RURIOIO

829 4554 1046 4620 EPISOOPO
1069 4554 1334 4620 EUERASIUS.

208 4704 233 4741 ³⁵
362 4671 533 4774 Rrsrouru
547 4702 724 4766 taediosam
737 4704 892 4787 pietatem
903 4709 1048 4767 vestram
1063 4723 1138 4768 esse
1150 4702 1242 4767 tenui
1255 4721 1383 4766 rumore
1396 4700 1543 4785 cognovi,
1560 4698 1742 4763 Sicharium
1754 4700 1897 4765 baiulum
1932 4703 1945 4762 1

260 4803 429 4884 destinavi,
454 4804 489 4868 ut
512 4807 711 4871 anxietatem
733 4826 840 4870 meam
861 4804 902 4868 de
926 4805 1103 4870 acerbitate
1127 4805 1232 4870 nuntii
1255 4805 1405 4875 celeriter
1427 4804 1589 4884 relevetis,
1612 4803 1690 4889 qnia
1713 4804 1773 4868 scit
1788 4802 1896 4867 diviua

261 4907 381 4991 pietas,
414 4908 497 4991 quod
528 4914 565 4972 et
587 4909 752 4973 tristitiam
780 4916 813 4973 et
840 4909 1061 4974 infirmitatem
1084 4916 1226 4974 vestram
1255 4929 1319 4973 nou
1343 4908 1587 4994 compatientis,
1620 4907 1679 4972 sed
1701 4907 1897 4994 perferentis

363 5132 376 5183 1
397 5131 442 5199 IX]
461 5134 489 5183 ia
505 5151 553 5199 τηρ.
566 5151 615 5184 aar.
631 5134 667 5184 0.-
692 5134 788 5185 Scdste
806 5133 938 5199 respondit
954 5133 1075 5184 Rusidava
1093 5132 1134 5196 II,
1151 5135 1193 5195 35,
1212 5132 1317 5183 Bas-icio
1337 5134 1448 5185 Sedatm
1465 5135 1538 5201 infra
1555 5151 1597 5184 ar.
1611 5133 1692 5185 XIII
1782 5131 1799 5183 3
1817 5134 1897 5201 suspi-

261 5216 360 5285 ciendo]
388 5220 491 5284 scripsi,
522 5221 682 5288 suscipiendo
707 5221 729 5271 O
866 5219 883 5271 4
909 5218 1059 5288 quamlibet]
1085 5221 1189 5288 scripsi,
1216 5239 1292 5288 quam
1319 5221 1395 5273 habet
1420 5221 1455 5284 G,
1479 5238 1556 5287 qnam
1583 5221 1677 5273 habere
1703 5223 1751 5273 iter
1780 5220 1898 5273 &nimus

261 5303 276 5355 7
295 5307 402 5356 frustata
422 5307 445 5355 G
562 5304 639 5359 Sodi
658 5308 697 5358 ael
718 5309 818 5358 fastidio
837 5307 998 5358 decideram
1082 5309 1226 5359 assumatis
1246 5307 1270 5358 G
1390 5305 1424 5358 10
1440 5315 1537 5359 aetates
1557 5306 1580 5357 θ
1701 5306 1731 5358 11
1751 5308 1854 5359 itineres
1874 5307 1898 5358 G

259 5391 365 5455 tholosa,
383 5409 401 5442 s.
418 5392 503 5443 tho
584 5391 616 5443 12
634 5394 840 5445 beatitudinesG
927 5390 959 5444 18
977 5390 1112 5459 Xls'amp.
1125 5394 1246 5459 seriptum
1257 5395 1318 5460 fars
1336 5391 1476 5444 waauitG
1562 5389 1597 5443 20
1614 5390 1784 5460 suspieIendo]
1799 5393 1896 5458 scripsi,

259 5478 459 5544 suscipiendoO
542 5476 576 5529 23
593 5479 698 5530 litteras.
726 5480 790 5531 Dedi
802 5496 835 5531 ex
848 5480 896 5530 hoc
908 5479 1038 5545 datiam
1052 5479 1092 5530 O:
1108 5481 1205 5531 scribas
1217 5481 1316 5531 litteras
1327 5480 1415 5547 accepi
1426 5487 1452 5530 et
1462 5479 1508 5529 has
1520 5479 1617 5531 reddidi
1703 5476 1734 5529 31
1749 5476 1837 5545 Xl]r'n
1847 5497 1896 5545 ηις.

259 5581 307 5614 ser.
320 5564 354 5615 0.-
371 5565 494 5615 Ruricius
509 5564 551 5628 ΙΙ,
564 5566 738 5632 22rsspoadil
822 5563 856 5617 33
871 5565 998 5616 domnoO
1081 5563 1116 5617 35
1128 5563 1272 5634 postquam]
1287 5565 1385 5632 scripsi,
1397 5566 1426 5630 P,
1444 5572 1525 5616 caera
1542 5564 1733 5616 sesamae
1784 5565 1898 5616 tenueO

258 5648 408 5716 sicharium]
428 5651 526 5716 scripsi,
544 5652 588 5702 sed
606 5652 696 5702 harum
717 5652 740 5703 0
841 5651 875 5704 37
893 5653 1049 5720 perferentes
1069 5652 1092 5704 θ

361 5766 489 5822 Superius.
1659 5770 1694 5825 35
