4462 6216
790 366 1172 423 xxlssv.333-v.423.

572 539 608 603 lit
631 560 729 605 cursu
752 540 843 605 calor
865 547 900 605 ct
922 541 1041 604 timore
1064 538 1176 624 frigus.

576 643 642 707 itur
665 645 712 708 sic
737 644 851 726 semel,
877 644 943 709 itur
965 649 999 708 ct
1022 642 1178 723 secundo,

505 759 543 798 ³⁸⁰
576 754 626 811 est
654 748 701 813 sic
729 749 847 814 tertius
876 755 973 834 atque
1003 753 1138 834 quartus
1167 746 1272 817 orbis:

575 853 685 937 quinto
715 853 826 918 circite
855 873 921 918 non
949 852 1063 918 valeus
1093 857 1287 937 sequentum

575 955 703 1042 pondus
727 957 814 1022 ferre
836 959 926 1043 prior
948 961 1116 1042 retorquet
1138 975 1245 1036 anem,

575 1059 663 1145 quod
685 1060 853 1126 velocibus
876 1062 1043 1148 imperans
1066 1059 1233 1145 quadrigis

575 1165 755 1229 exhaustos
778 1165 842 1231 sibi
864 1170 1011 1231 senserat
1032 1165 1175 1250 iugules:

531 1281 541 1316 ⁵
573 1268 638 1331 iam
663 1274 757 1334 sexto
781 1268 890 1334 reditu
912 1268 1137 1356 perexplicato

574 1371 703 1457 iamque
727 1377 760 1436 et
783 1372 929 1458 praemia
951 1371 1120 1456 flagitante
1145 1370 1243 1455 vulgo

574 1496 649 1561 pars
674 1477 836 1541 contrariu
857 1476 904 1540 nil
926 1477 1047 1541 timens
1070 1482 1159 1540 tuam
1183 1475 1247 1538 vim

574 1601 706 1644 securas
730 1580 818 1667 prior
841 1580 965 1645 orbitas
988 1579 1127 1656 terebat,

573 1684 675 1749 tensis
699 1705 774 1749 cum
797 1685 905 1750 subito
930 1684 1004 1749 sinu
1026 1683 1156 1771 lupatis,

504 1800 522 1839 ³·
573 1788 677 1853 tensis
699 1788 898 1874 pectoribus,
922 1788 1008 1875 pede
1032 1795 1108 1854 ante
1131 1787 1210 1866 fixo,

574 1897 731 1978 quantum
755 1893 870 1978 auriga
893 1913 969 1957 suos
994 1891 1121 1958 solebat
1142 1891 1198 1956 ille

574 2003 705 2083 raptans
730 1997 934 2062 Oenomaum
957 2002 1117 2062 tremente
1141 1995 1229 2076 Pisa,

573 2107 700 2165 tantum
723 2106 758 2164 tu
781 2100 912 2186 rapidos
935 2101 1015 2165 teris
1039 2100 1178 2185 iugales.

573 2204 626 2268 hic
650 2203 843 2290 compendia
866 2205 1017 2270 flexuosa
1037 2211 1146 2269 metae

505 2322 542 2358 2⁵
574 2328 658 2371 unus
681 2306 757 2372 dum
780 2308 908 2394 premit,
930 2308 1085 2373 incitatus
1109 2328 1129 2372 a
1152 2312 1184 2370 te

574 2410 677 2475 elatas
702 2412 805 2476 semel
828 2412 954 2498 impetu
977 2411 1152 2497 quadrigas

573 2514 683 2579 iuncto
706 2536 771 2580 non
794 2515 898 2581 valuit
920 2515 1043 2603 plicare
1065 2536 1159 2601 gyro,

572 2638 669 2702 quem
696 2624 741 2697 tu,
771 2618 857 2704 quod
886 2619 956 2684 sine
983 2620 1059 2705 lege
1087 2620 1293 2706 praeteriret,

572 2722 720 2786 transisti
742 2744 927 2804 remanens,
951 2723 994 2788 ab
1017 2730 1088 2788 arte
1112 2730 1252 2789 restans.

572 2826 655 2890 alter
677 2825 754 2890 dum
777 2827 997 2913 popularitate
1021 2826 1153 2913 gaudet,

572 2928 689 2995 dexter
712 2929 772 2994 sub
796 2931 909 2996 cuneis
931 2931 1028 2996 nimis
1051 2931 1204 2997 cucurrit.

571 3033 668 3115 huuc,
691 3032 767 3099 dum
792 3033 937 3119 obliquat
959 3034 1022 3099 iter
1045 3033 1164 3119 diuque
1187 3035 1296 3099 lcutus

572 3158 646 3202 sero
671 3135 862 3222 cornipedes
885 3136 965 3202 citat
987 3136 1130 3223 flagello,

571 3248 692 3306 tortum
715 3241 845 3306 tramite
870 3242 991 3306 tramis
1014 3243 1086 3327 ipse
1110 3249 1211 3309 recto.

528 3385 532 3394 ·
570 3345 623 3410 hic
645 3353 678 3409 te
701 3344 863 3409 incautius
886 3352 1056 3411 assecutus
1079 3345 1184 3413 hostis

571 3469 708 3535 sperans
731 3448 931 3535 anticipasse
954 3450 1019 3514 iam
1042 3450 1185 3536 priorem

570 3560 794 3619 transversum
817 3553 909 3618 venit
931 3553 1105 3640 impudens
1129 3555 1162 3618 in
1185 3575 1299 3629 axem;

571 3657 784 3722 incurvantur
806 3657 893 3743 equi,
917 3663 1071 3743 proterva
1095 3679 1224 3723 crurum

571 3760 669 3825 intrat
692 3761 900 3829 turbaretur
922 3768 1102 3847 quaterque
1125 3762 1211 3828 terni

572 3871 720 3929 artantur
743 3865 835 3946 radii,
860 3866 988 3952 repleta
1010 3865 1114 3932 donec

570 3970 742 4033 intervalla
764 3975 899 4056 crepent
923 3969 1142 4054 volubilisque

570 4073 699 4158 frangat
722 4092 834 4158 margo
858 4070 978 4158 pedes;
1001 4072 1046 4137 ibi
1069 4072 1140 4157 ipse
1164 4072 1296 4157 quintus

571 4196 667 4240 curru
691 4175 925 4262 praecipitatus
949 4175 1108 4240 obruente

570 4287 713 4344 montem
736 4279 909 4365 multiplici
931 4279 1012 4344 facit
1034 4280 1137 4361 ruina,

527 4396 537 4431 ⁵
570 4389 706 4468 turpans
729 4381 921 4469 prociduam
944 4402 1059 4448 eruore
1082 4383 1231 4447 frontem.

570 4486 687 4552 miscet
710 4493 829 4551 cuneta
848 4486 961 4572 fragor
983 4485 1205 4567 resuscitatus,

571 4596 726 4677 quantum
750 4612 814 4654 non
837 4590 1049 4676 cyparissifer
1070 4590 1232 4675 Lycaeus,

571 4701 725 4779 quantum
749 4714 814 4758 non
836 4714 1011 4759 nemorosa
1032 4693 1120 4759 tollit
1142 4691 1226 4758 Ossa

571 4798 702 4863 crebras
726 4797 910 4884 inrequieta
931 4818 992 4883 per
1013 4797 1187 4884 procellas,

500 4914 539 4953 ⁴2⁰
571 4907 727 4988 quantum
751 4922 812 4967 nec
835 4901 973 4966 reboant
995 4902 1127 4966 volutae
1150 4900 1191 4965 ub
1215 4906 1326 4964 austro

570 5006 668 5072 Doris
691 5006 858 5071 Trinacris
881 5011 948 5087 aut,
971 5007 1167 5092 voraginoso

568 5132 651 5196 quae
679 5112 781 5176 vallat
808 5111 877 5176 sale
903 5111 1121 5197 Bosphorum,
1152 5109 1336 5195 Propontis.

569 5213 621 5277 hic
644 5234 721 5277 mox
744 5213 906 5299 praecipit
928 5233 1054 5297 aequus
1078 5212 1254 5298 imperator

255 5424 302 5475 381
324 5433 463 5490 oqueutum
477 5423 505 5473 11'
604 5420 656 5473 382
674 5428 816 5487 rortorquet
829 5421 855 5471 P
956 5419 1008 5473 385
1026 5422 1078 5472 scre
1096 5420 1223 5486 explicato
1242 5419 1294 5471 Leo
1399 5416 1514 5487 3871222
1527 5418 1553 5471 P
1618 5422 1671 5473 vim
1690 5431 1759 5475 tuam
1773 5424 1805 5488 I',

150 5520 273 5577 tuamque
291 5512 343 5560 vim
366 5510 401 5558 '1¹¹
525 5507 576 5560 389
594 5508 653 5559 siun
670 5508 755 5573 maluo,
777 5508 865 5558 sinum
882 5507 958 5558 codd.
1081 5505 1133 5557 390
1150 5507 1242 5558 om.T
1358 5504 1411 5557 394
1427 5508 1544 5559 fluxuosa
1565 5507 1613 5571 0⁶,
1636 5510 1763 5562 fluctuosa
1781 5510 1810 5562 F

150 5595 203 5648 395
220 5613 278 5648 cnm
298 5597 326 5647 F
431 5594 482 5647 393
499 5595 568 5646 olata
587 5593 612 5643 Ρ
717 5588 768 5643 397
787 5593 889 5660 placare
906 5591 935 5643 F
1044 5588 1093 5642 401
1113 5594 1215 5644 cucurit
1232 5592 1258 5643 I'
1357 5590 1410 5644 402
1427 5595 1525 5661 obligat
1541 5593 1568 5645 P
1668 5594 1720 5647 406
1739 5598 1804 5649 aurti-

150 5683 271 5752 oipuaoP
354 5680 406 5733 499
418 5682 478 5734 rotis
490 5682 513 5733 0
595 5678 647 5730 415
658 5680 766 5731 turbans
776 5678 829 5730 ΡΤ
909 5677 962 5731 418
977 5678 1093 5755 00er
1140 5675 1191 5729 421
1208 5679 1315 5731 tinacris
1325 5678 1403 5730 Pu'r'
1484 5676 1538 5731 433
1548 5680 1657 5732 mosP⁸
1709 5682 1806 5736 ecusP

1545 5796 1600 5852 33*
