4462 6216
293 308 354 371 322
906 312 1045 367 Rb'lilCll
1062 312 1319 368 EPISTULARUM

207 477 241 549 G
293 480 414 545 domini
430 484 603 548 salvatoris
619 485 684 550 iam
700 488 817 551 stivam
833 496 950 554 tenens
966 492 1154 565 retrorsum,
1178 487 1374 551 elamoribus
1391 485 1555 551 Sodomae
1572 487 1767 552 collabentis
1782 486 1946 573 percitus,

293 585 375 650 forte
399 588 578 673 respiciens
600 590 685 655 Loth
707 593 843 656 imiteris
865 612 1017 670 uxorem,
1044 597 1100 655 aut
1127 590 1169 654 dc
1192 590 1346 676 Aegypto
1373 590 1437 653 iam
1462 590 1627 676 profectus
1650 598 1685 655 et
1706 591 1828 655 fluctus
1851 590 1944 655 rubri

292 691 388 754 maris
404 689 521 755 dextra
535 693 693 779 laevaque
714 695 905 780 pendentes,
928 697 1090 760 aestuanti
1113 694 1173 759 tibi
1195 695 1339 759 ferentes
1363 694 1522 758 auxilium
1544 701 1578 758 et
1599 694 1883 780 persequentibus
1903 700 1940 759 te

291 802 445 877 parantes
470 798 620 875 exitium,
653 797 783 863 domino
808 800 893 863 viam
916 807 1005 863 tuam
1029 804 1063 862 et
1086 803 1304 883 praeparante
1334 804 1369 861 et
1396 797 1624 877 inluminante,
1655 804 1886 883 transgressus
1908 804 1944 863 et

293 898 393 962 eremi
415 899 552 963 arduum
584 901 646 966 iter
676 903 853 988 arripiens,
883 903 964 967 ollas
994 901 1139 966 samium
1171 899 1350 965 recorderis
1380 908 1437 964 aut
1464 921 1598 986 caepas,
1629 921 1712 986 qnae
1740 901 1774 965 in
1803 901 1942 967 modurn
1980 916 1993 953 ³

292 1001 510 1086 corporalium
535 1004 738 1089 voluptatum
762 1007 832 1091 ipsa
860 1007 910 1069 sui
933 1005 1090 1091 qualitate
1113 1010 1266 1089 corrupta
1288 1010 1466 1068 noscuntur
1487 1011 1523 1068 et
1544 1002 1646 1069 fetida
1668 1026 1729 1069 nec
1752 1027 1814 1070 usn
1844 1012 1944 1090 grate

293 1125 355 1168 nec
384 1104 482 1170 odore
513 1108 625 1173 suavia
651 1129 711 1173 nee
745 1111 924 1175 stabilitate
958 1131 1126 1182 mansura;
1161 1108 1314 1193 quicquid
1347 1109 1381 1173 in
1411 1108 1472 1172 boe
1500 1110 1631 1173 saeculo
1659 1111 1783 1175 mulcet
1814 1109 1942 1189 auditu,

294 1208 454 1273 mollescit
476 1216 610 1292 attactu,
633 1213 839 1278 lenocinatur
855 1222 1001 1301 aspectu,
1025 1213 1200 1290 blanditur,
1223 1221 1260 1277 ut
1276 1212 1393 1298 capiat,
1417 1213 1602 1291 famulatur,
1626 1218 1661 1276 ut
1675 1220 1799 1290 teneat,
1823 1213 1942 1294 inlicit,

264 1315 330 1375 lut
364 1311 500 1376 occidat.
549 1336 623 1379 nam
657 1338 893 1403 quamcumque
927 1339 1044 1404 capere
1075 1317 1218 1381 volucris
1250 1317 1466 1402 voluptatem,
1500 1324 1670 1401 permanet
1699 1316 1786 1402 quod
1814 1317 1942 1404 puniat,

293 1417 450 1500 praeterit
466 1416 552 1501 quod
569 1419 727 1494 delectet;
750 1420 889 1487 dulcedo
907 1422 1043 1507 fugitiva
1058 1421 1245 1506 pertransit,
1266 1420 1467 1485 conscientia
1482 1419 1674 1483 damnatura
1685 1420 1738 1485 rel
1753 1419 1944 1485 damnanda
1968 1434 1992 1473 ¹⁰

295 1518 453 1583 subsistit.
499 1519 574 1586 inde
598 1523 698 1587 etiam
720 1522 800 1588 dicit
823 1524 991 1589 Salomon:
1024 1523 1161 1609 lingua
1189 1523 1415 1588 meretricis
1443 1522 1522 1586 mel
1549 1521 1705 1595 stillat;
1734 1522 1774 1586 in
1801 1524 1942 1588 noris-

295 1622 408 1686 simis
431 1631 558 1688 autcm
583 1624 722 1691 diebus
750 1628 985 1693 amariorem
1013 1628 1117 1692 felle
1147 1627 1327 1693 invenies
1358 1647 1455 1700 eam;
1486 1625 1572 1711 quod
1594 1633 1705 1690 tamen
1728 1625 1942 1691 nibilominus

264 1727 329 1787 bet
355 1725 439 1810 ipse,
468 1748 542 1790 cum
566 1728 801 1814 praedixisset,
832 1731 976 1795 incurrit.
1022 1737 1055 1796 et
1078 1730 1152 1795 ideo
1175 1730 1264 1807 vide,
1294 1730 1380 1816 quod
1402 1730 1522 1794 malum
1545 1730 1601 1811 sit,
1631 1730 1733 1796 frater
1755 1730 1942 1805 carissime;

294 1827 380 1911 quod
401 1827 477 1892 dum
506 1829 696 1913 detestatur,
726 1833 920 1914 admittitur,
949 1834 1026 1898 dum
1054 1835 1223 1919 refugitur,
1255 1834 1311 1897 vix
1334 1834 1466 1898 vitatur.
1511 1832 1597 1897 unde
1620 1839 1655 1898 et
1676 1840 1726 1913 tu,
1755 1835 1841 1898 sicut
1863 1834 1943 1899 dicit

295 1932 465 2018 scriptura,
493 1935 600 1999 ornni
623 1937 804 2003 custodia
827 1959 947 2003 serva
970 1959 1037 2002 cor
1059 1943 1165 2002 tuum
1188 1945 1221 2003 et
1243 1936 1370 2002 discute
1391 1938 1626 2002 conscientiam
1647 1946 1747 2017 tuam,
1770 1960 1825 2018 ne,
1846 1936 1936 2002 unda
1965 1952 1988 1990 ¹⁵

264 2036 405 2101 (texisse
434 2037 556 2103 rideris
590 2048 742 2126 aspectu,
782 2041 920 2106 haereas
952 2042 1089 2116 affectn;
1128 2041 1186 2107 sed
1220 2041 1311 2106 dicas
1345 2042 1454 2128 potius
1488 2041 1620 2105 domino
1656 2061 1729 2105 cum
1762 2040 1942 2127 propbeta:

295 2136 476 2204 adhaesit
508 2142 636 2207 anima
668 2164 753 2208 mea
785 2151 877 2231 post
910 2151 966 2225 te,
1000 2166 1057 2210 me
1093 2152 1229 2210 autem
1259 2146 1436 2231 suscepit
1465 2144 1632 2209 dextera
1662 2152 1742 2218 tua;
1777 2144 1833 2209 vel
1860 2142 1943 2208 illud

295 2242 408 2306 etiam:
441 2245 538 2309 mihi
560 2254 688 2311 autem
711 2246 932 2313 adhaerere
955 2247 1028 2313 deo
1053 2249 1200 2313 bonnm
1223 2253 1301 2328 est,
1333 2270 1479 2334 ponere
1508 2247 1546 2311 in
1575 2246 1649 2312 dcc
1672 2268 1785 2334 spem
1805 2268 1943 2327 meam,

267 2347 332 2409 'lut
354 2354 476 2431 quanto
499 2349 612 2415 labore
635 2356 821 2435 quantaque
844 2351 1001 2415 instantia
1022 2352 1169 2416 militasti
1198 2353 1346 2430 saeculo,
1378 2353 1501 2417 servias
1529 2351 1605 2430 deo,
1635 2351 1765 2416 dicente
1793 2350 1944 2437 apostolo

297 2448 349 2513 vel
380 2459 548 2517 monente:
584 2452 789 2517 humanum
822 2452 912 2518 dico
946 2460 1112 2540 propter
1144 2454 1423 2519 infirmitatem
1455 2455 1590 2519 carnis
1619 2461 1795 2520 restrae:
1830 2454 1944 2518 sient
1968 2466 1993 2506 Ἀ

297 2551 403 2615 eninr
427 2554 675 2622 exhibuistis
704 2557 883 2622 membra
905 2564 1037 2623 restra
1064 2559 1222 2624 servire
1250 2558 1536 2624 immunditiae
1568 2565 1609 2623 et
1634 2558 1856 2645 iniquitati,
1885 2558 1944 2623 ita

297 2675 398 2720 nune
422 2658 606 2726 exhibete
629 2660 801 2727 membra
823 2668 953 2726 restra
976 2663 1127 2728 servire
1150 2663 1340 2727 iustitiae
1364 2664 1403 2727 in
1431 2662 1814 2727 sanctificationem.
1861 2682 1945 2726 eum

296 2759 397 2823 enim
427 2764 532 2826 servi
560 2766 712 2830 essetis
741 2767 918 2851 peceati,
953 2766 1078 2832 liberi
1105 2768 1231 2833 aratis
1260 2767 1452 2834 iustitiae.
1502 2788 1613 2853 quem
1648 2789 1740 2853 ergo
1771 2767 1946 2832 fructum

295 2860 489 2929 habuistis
520 2875 609 2932 tune
636 2869 674 2933 in
704 2870 813 2950 illis,
842 2871 881 2935 in
908 2870 1058 2956 quibus
1089 2893 1188 2936 nune
1217 2871 1481 2937 erubescitis?
1526 2892 1613 2935 nam
1641 2871 1743 2935 finis
1774 2871 1942 2937 illorum

295 2985 394 3030 mors
422 2977 496 3035 est.
541 2992 648 3037 nune
676 2994 768 3039 vero
795 2974 963 3040 liberati
985 2998 1005 3039 a
1027 2983 1207 3061 peccato,
1241 2976 1344 3041 servi
1371 2984 1505 3041 autem
1533 2976 1633 3040 faeti
1661 2974 1747 3055 deo,
1776 2974 1942 3041 habetis
1967 2987 1992 3027 ²⁸

295 3068 470 3136 fructum
508 3083 685 3141 vestrum
727 3079 766 3142 in
813 3079 1214 3161 sanctificationem,
1258 3080 1383 3144 finem
1427 3101 1518 3144 vcro
1558 3079 1677 3144 vitam
1718 3083 1945 3144 aeternam.

266 3173 496 3257 8paenitentia
526 3178 588 3259 ita,
623 3180 723 3246 frater
751 3183 937 3263 carissime,
973 3205 1039 3247 non
1067 3185 1198 3249 nominc
1228 3190 1279 3248 est
1312 3182 1520 3271 suscipienda
1551 3182 1608 3248 sed
1639 3203 1753 3268 opere,
1787 3202 1855 3245 non
1886 3202 1945 3246 ore

296 3280 520 3346 tantummodo
553 3282 683 3368 agenda
712 3285 771 3351 sed
799 3285 906 3351 corde.
957 3308 1070 3351 verum
1099 3294 1164 3367 est,
1199 3286 1283 3373 quod
1313 3288 1396 3352 sicut
1421 3295 1577 3372 utroque,
1614 3285 1675 3350 hoc
1704 3292 1754 3350 cst
1787 3284 1944 3349 interiore

296 3380 425 3448 homine
448 3391 482 3449 et
505 3389 687 3468 exteriore,
716 3388 948 3475 delinquimus,
978 3391 1079 3456 itaet
1108 3398 1246 3477 utroque
1273 3392 1442 3477 paenitere
1473 3390 1643 3468 debemus,
1673 3395 1722 3469 ut,
1754 3388 1841 3453 sicut
1868 3386 1947 3452 dicit

300 3483 386 3550 idem
419 3491 602 3573 apostolus:
639 3493 756 3558 eorde
791 3493 965 3559 creditur
998 3495 1045 3559 ad
1080 3495 1290 3576 iustitiam,
1324 3517 1391 3560 ore
1426 3500 1553 3559 autem
1587 3491 1788 3557 confessio
1820 3492 1872 3555 fit
1906 3490 1946 3554 in
1970 3502 1996 3542 ¹⁰

297 3588 489 3672 salutem,
520 3594 565 3656 ita
591 3595 732 3678 gemitus
760 3618 816 3661 cor
842 3604 1003 3675 nostrum,
1034 3598 1234 3664 conscientia
1263 3605 1517 3684 compungente,
1551 3597 1725 3682 concipiat,
1757 3601 1794 3659 nt
1821 3616 1880 3659 eos
1908 3615 1946 3658 os

268 3696 287 3751 3
297 3700 444 3758 nostmm
474 3717 533 3781 per
563 3700 802 3766 confessionem
832 3702 1030 3767 confusionis
1065 3702 1222 3768 effundat.
1271 3702 1559 3787 quinquagesimus
1587 3721 1664 3764 vcro
1696 3700 1856 3787 psalmus,
1890 3699 1946 3784 qui

298 3797 500 3879 paenitudini
523 3800 619 3866 datur
641 3805 765 3888 pariter
787 3814 821 3871 et
843 3808 1037 3889 remissioni,
1061 3806 1114 3873 die
1137 3815 1301 3893 noctuque
1325 3828 1398 3870 cum
1422 3806 1531 3890 rugitu
1553 3805 1696 3889 fletuque
1719 3808 1880 3883 cantetur,
1908 3809 1946 3865 ut

300 3919 376 3964 vere
406 3909 438 3966 et
465 3904 639 3971 salubriter
666 3908 730 3973 dici
757 3910 875 3996 possit:
906 3911 1110 3997 rugiebam
1133 3933 1153 3975 a
1175 3911 1322 3997 gemitu
1349 3910 1481 3975 cordis
1509 3909 1602 3982 mci;
1633 3914 1680 3973 et:
1711 3907 1945 3991 iniquitates

299 4023 401 4067 meas
425 4027 499 4091 ego
522 4030 695 4094 agnosco
720 4019 760 4078 et
783 4013 975 4079 delictum
997 4037 1119 4080 meum
1143 4022 1283 4080 eontra
1305 4036 1363 4079 mc
1387 4019 1450 4079 est
1471 4033 1638 4098 semper;
1662 4010 1714 4076 vel
1730 4009 1811 4074 illud
1829 4009 1945 4074 etiam:
1969 4018 1993 4058 ⁸³

300 4107 481 4191 quoniam
509 4113 769 4198 iniquitatem
796 4138 918 4182 meam
948 4141 1017 4204 ego
1045 4118 1259 4204 pronuntio
1292 4125 1329 4183 et
1360 4115 1544 4202 cogitabo
1571 4136 1639 4203 pro
1666 4120 1831 4202 peccato
1853 4134 1945 4177 meo.

250 4210 352 4276 sohic
375 4212 462 4277 enim
486 4222 562 4283 ante
585 4239 646 4282 nos
669 4226 806 4305 peccata
827 4229 940 4286 nostra
963 4243 1036 4287 esse
1059 4221 1197 4303 debent,
1229 4229 1265 4287 ut
1291 4223 1324 4286 in
1354 4229 1525 4286 aeternum
1553 4226 1668 4284 contra
1692 4239 1753 4282 nos
1782 4237 1945 4283 essenon

298 4317 440 4402 possint,
468 4321 544 4407 qnia
566 4322 612 4387 ita
634 4324 754 4409 legitur
775 4325 809 4389 in
831 4325 1013 4412 prophetis:
1048 4325 1115 4390 dic
1143 4334 1185 4390 tu
1215 4326 1321 4412 prior
1347 4324 1591 4410 iniquitates
1621 4328 1719 4401 tuas,
1747 4327 1790 4385 ut
1819 4320 1945 4385 iusti·

250 4423 284 4483 11
298 4420 455 4489 ficeris.
500 4447 520 4490 a
543 4446 607 4513 quo
631 4427 756 4512 priores
779 4428 895 4493 dicturi
919 4450 1030 4494 sumus
1053 4429 1241 4515 iniquitates
1265 4436 1393 4495 nostras
1418 4449 1528 4493 coram
1550 4425 1678 4492 domino
1699 4424 1752 4490 vel
1775 4422 1945 4512 prolaturi,

401 4718 418 4770 2
436 4718 505 4771 Gen.
517 4718 591 4783 XIX,
602 4720 644 4773 26.
721 4720 739 4774 3
756 4719 843 4775 Exod.
855 4721 927 4786 XIV,
940 4722 982 4775 29.
1060 4722 1077 4775 5
1095 4720 1180 4775 Exod.
1194 4721 1267 4783 XVI,
1279 4724 1303 4775 3.
1384 4723 1415 4774 11
1431 4721 1509 4774 Prov.
1519 4720 1552 4781 V,
1565 4722 1589 4774 3.
1602 4720 1627 4773 4.
1707 4718 1740 4771 15
1753 4716 1892 4774 Prov.IV.
1903 4715 1945 4769 23.

299 4803 331 4855 11
349 4802 392 4856 Ps.
406 4803 489 4869 LXII,
507 4807 531 4860 0.
601 4808 636 4860 18
653 4808 696 4861 Ps.
710 4807 819 4871 LXXII,
837 4809 879 4862 28.
954 4808 989 4862 20
1006 4809 1085 4862 Item.
1096 4808 1142 4869 Vl,
1162 4809 1270 4862 19-2‘2.
1340 4808 1376 4861 30
1393 4807 1472 4862 Rem.
1486 4807 1518 4871 X,
1538 4808 1579 4860 10.
1648 4804 1682 4860 34
1700 4804 1743 4858 Ps.
1762 4802 1903 4865 XXXVII,
1920 4802 1945 4855 0.

299 4888 342 4944 Ps.
362 4889 392 4953 L,
409 4891 434 4945 5.
519 4893 554 4947 36
572 4893 615 4946 Ps.
634 4893 773 4959 XXXVII,
792 4896 833 4950 13.
920 4896 955 4950 38
972 4895 1007 4949 Is.
1026 4894 1124 4957 XLIII,
1141 4895 1183 4948 ⁴25.
1202 4894 1245 4948 26.

402 5063 528 5119 latinam
544 5067 645 5137 tenens]
668 5072 702 5138 cs.
721 5087 802 5137 supro
815 5074 913 5137 p.310,
930 5073 975 5122 15
1104 5068 1121 5121 2
1145 5072 1215 5122 fonto
1235 5070 1259 5119 G
1388 5066 1404 5119 3
1427 5066 1565 5135 aestuanti]
1583 5067 1682 5134 scripsi,
1706 5069 1771 5118 tanti
1791 5067 1822 5131 G,
1846 5072 1946 5118 tantum

302 5152 420 5203 &nisius
514 5158 657 5208 ferentisG
788 5155 805 5208 4
829 5158 955 5225 parantib3
976 5158 1000 5209 G
1093 5152 1279 5224 transgressus]
1298 5158 1322 5206 ds
1341 5155 1379 5219 (es
1395 5155 1446 5217 θ’)
1466 5164 1604 5206 transm·
1623 5152 1687 5216 (res.
1699 5149 1769 5219 gres)
1778 5148 1789 5218 ΙΙ
1804 5152 1947 5217 grassum

299 5235 316 5288 5
339 5235 414 5304 ollas]
438 5242 536 5307 scripsi,
559 5243 625 5294 ollae
645 5244 668 5294 G
798 5240 814 5293 ‘l
837 5245 927 5295 auditu
950 5241 1086 5310 mollescit]
1111 5243 1225 5294 Faustus
1249 5243 1276 5292 ia
1300 5259 1339 5307 ep.
1363 5242 1400 5291 od
1417 5241 1529 5292 Felicem
1552 5240 1628 5303 dcta,
1652 5255 1734 5304 supra
1751 5256 1782 5304 p.
1800 5242 1867 5302 284,
1888 5239 1947 5302 ts,

299 5326 334 5391 cs.
349 5343 377 5391 p.
393 5327 449 5389 268,
466 5328 484 5378 1.
497 5332 537 5392 10,
554 5330 644 5381 auditui
662 5331 757 5381 olliscit
771 5330 809 5381 (1¹¹
931 5329 948 5380 8
972 5338 1001 5382 ut
1018 5328 1113 5398 capiat]
1132 5331 1160 5382 ui
1178 5330 1261 5396 capiat
1281 5329 1303 5378 (l
1424 5326 1440 5375 9
1463 5328 1574 5379 uoluerit
1594 5326 1616 5376 (ι’
1737 5321 1771 5374 10
1795 5324 1948 5377 delectati}

301 5408 334 5460 1⁸2
350 5412 511 5464 amariorsfl
614 5412 648 5465 15
665 5434 741 5468 sarua
757 5414 813 5482 cor]
831 5417 986 5468 seruaturt'}
1090 5416 1122 5468 16
1139 5415 1310 5484 aspectum&
1412 5411 1446 5464 24
1463 5414 1490 5464 in
1508 5410 1568 5478 illis]
1587 5430 1618 5463 sa
1635 5411 1707 5478 Votp.
1719 5411 1846 5477 supplevi,
1861 5412 1948 5463 ml}

299 5494 334 5546 ‘29
352 5497 389 5547 ita
405 5494 441 5564 et]
459 5500 494 5552 its
510 5511 540 5552 ut
559 5502 583 5552 G
694 5500 729 5553 30
745 5500 784 5569 in]
801 5504 835 5555 ad
853 5502 926 5567 Valp.
1040 5501 1074 5552 32
1091 5501 1333 5570 quinquagesimum
1351 5518 1413 5551 uero
1430 5500 1596 5566 psalmumbl
1708 5495 1743 5549 33
1761 5498 1949 5555 rsmissioneG

301 5582 336 5637 36
354 5587 493 5652 pronuncio
508 5588 538 5652 G,
556 5591 591 5656 cf.
608 5588 682 5657 iufra
695 5608 722 5657 p.
734 5592 792 5654 325,
809 5591 827 5642 1.
841 5594 887 5641 1οε
904 5589 1062 5640 aurinntiabo
1078 5589 1149 5657 Vulp.
1254 5586 1289 5641 38
1305 5605 1356 5657 qua
1376 5588 1399 5639 (1
