4462 6216
971 339 1151 395 KRUSOHII.
1800 350 1886 400 LXXI

345 508 461 573 Codex
482 509 697 574 Parisinus
726 512 797 578 Lat.
824 535 855 579 n.
875 518 954 578 1564
980 513 1202 597 (Colbertinus
1225 537 1256 580 n.
1283 518 1375 595 1863,
1399 515 1524 600 Regius
1547 537 1578 580 n.
1599 519 1698 628 3881)
1723 540 1808 585 saec.
1826 519 1885 600 IX,
1912 509 1949 580 P

226 646 356 711 formae
387 647 564 727 maximae,
597 655 680 712 teste
712 648 877 714 Fridorieo
901 649 1072 733 Maassen‚
1106 650 1236 733 Quelhm
1262 652 1316 716 des
1336 652 1547 717 curmnrscbcn
1570 655 1685 719 Rechts
1707 657 1734 737 I,
1758 678 1788 742 p.
1812 660 1887 736 608,

228 750 320 814 inter
342 758 454 815 cetera
476 751 559 815 haec
584 754 742 817 continet:

340 853 445 917 LXX.
482 855 602 934 Irurpit
632 856 764 936 epistola
794 858 930 923 Paulini
959 859 1004 923 ad
1031 859 1201 923 Faustum.
1258 858 1396 924 Domino
1428 863 1518 941 patri
1546 867 1576 925 et
1596 868 1735 943 patrorm
1762 863 1887 929 Fausto

223 977 337 1037 papae
359 957 530 1022 Paulinus.
576 958 717 1025 Scribere
738 962 823 1026 cobis
844 963 919 1026 linc
940 964 1053 1027 retinet
1075 967 1176 1026 metus
1200 962 1282 1045 (ΕΑ.
1305 963 1410 1047 XIV).

339 1059 460 1124 LXXI.
495 1062 615 1143 Incipit
645 1064 775 1144 epistola
798 1067 902 1129 saucii
923 1066 1043 1130 Fausti
1065 1066 1109 1128 ad
1130 1065 1324 1130 benecdictum
1347 1066 1532 1131 Paulinum.
1585 1069 1788 1133 Admiranda
1809 1070 1888 1134 milri

229 1187 352 1246 semper
374 1164 457 1248 (Fa,
481 1165 569 1252 XV).

340 1268 481 1333 LXXII.
515 1269 652 1334 Domino
668 1272 817 1352 piissimo
839 1277 868 1336 et
889 1272 1078 1353 specialibus
1100 1273 1216 1353 officiis
1243 1272 1420 1351 excobndo,
1450 1280 1487 1337 ut
1508 1275 1645 1354 confido,
1670 1276 1704 1339 in
1725 1281 1887 1340 aeteruum

229 1373 334 1454 fratre
356 1378 386 1436 et
404 1394 463 1453 per
484 1375 591 1438 annia
613 1375 725 1440 domm
748 1375 850 1440 Felici
872 1377 1026 1441 Faustus.
1072 1377 1231 1458 Mapnum
1246 1378 1381 1457 pietatis
1404 1376 1487 1462 (ΕΑ.
1510 1377 1619 1461 XVI).

341 1475 500 1541 LXXIII.
534 1476 672 1543 Domino
699 1485 808 1542 saneto
831 1485 860 1543 et
881 1481 918 1543 in
943 1479 1071 1546 Christo
1100 1480 1328 1544 devinctissimo
1355 1480 1457 1561 fratre
1482 1480 1583 1561 Grepo
1613 1481 1710 1545 diarii
1731 1481 1893 1545 Feratus..

235 1578 424 1643 Honoratus
445 1579 550 1659 ospicio
573 1586 628 1645 tuo
651 1582 734 1667 (uA.
758 1582 884 1667 XVII).

341 1681 414 1747 Has
438 1683 594 1768 epistulas
619 1684 657 1747 A.
684 1684 833 1750 Sohoeno
857 1709 886 1751 v.
910 1708 938 1752 c.
963 1687 1109 1750 contulit.

340 1785 424 1850 Cum
456 1789 588 1851 saeculo
617 1788 668 1852 IX
690 1789 774 1856 med.
798 1790 1006 1856 Gothesealci
1035 1790 1326 1876 praedestinatiani
1350 1809 1450 1853 causa
1471 1794 1681 1869 tractaretur,
1713 1791 1883 1854 refutaturi
1915 1783 1956 1854 H

234 1911 308 1953 eum
332 1889 373 1954 ad
397 1889 512 1954 Lucidi
536 1890 720 1956 decessoris
738 1894 808 1958 eius
825 1894 995 1958 historiam
1011 1899 1227 1957 recurrerunt.
1272 1892 1313 1959 Ut
1328 1891 1532 1971 manifestum
1545 1893 1614 1971 fiat,
1637 1893 1716 1973 quia
1730 1894 1888 1973 quaedam

234 1994 288 2056 isti
314 1993 457 2057 moderni
478 1995 771 2074 praedestinatiani
797 1998 921 2074 dicunt,
958 2018 1039 2078 puae
1067 2002 1096 2061 et
1124 2001 1238 2060 ueteres
1264 1996 1414 2060 baeretici
1443 2000 1517 2058 ante
1544 1996 1709 2072 diamant,
1739 1997 1885 2080 integras

235 2097 347 2161 Fausti
375 2097 555 2183 Lucidique
585 2099 744 2184 epistulas
775 2099 843 2164 ΗΑ.
867 2099 995 2164 XVIII.
1019 2099 1102 2163 XIX
1134 2099 1247 2164 codice
1276 2100 1398 2184 optimo
1429 2119 1509 2162 usus
1537 2097 1734 2162 Hiuomarus
1764 2099 1884 2164 disser-

237 2201 350 2264 tationi
374 2201 545 2286 posteriori
569 2202 610 2266 de
634 2203 935 2288 praedestinatione
967 2202 1018 2266 dei
1043 2211 1077 2266 ot
1099 2202 1203 2266 libero
1227 2202 1361 2266 arbitrio
1392 2200 1549 2265 adversus
1574 2200 1828 2267 Gothescaleum
1853 2210 1887 2267 et

236 2310 358 2368 ceteros
386 2304 702 2389 praedestinatianos
727 2305 866 2390 (Migno,
890 2306 1012 2370 Patrol.
1037 2307 1110 2369 Lat.
1136 2305 1271 2381 CXXV,
1295 2328 1327 2391 p.
1350 2305 1404 2389 79)
1436 2305 1586 2383 inseruit,
1610 2307 1798 2390 praemissis
1821 2307 1885 2369 his:

237 2406 288 2470 Ad
308 2407 403 2471 cuius
426 2407 510 2491 (scil.
535 2407 713 2472 Caelestini
737 2410 856 2495 papae)
879 2409 1051 2473 iussionem
1066 2409 1228 2489 praedicti
1253 2406 1436 2473 Galliarum
1451 2409 1587 2488 macari
1601 2409 1756 2491 synodum
1770 2410 1886 2474 babue-

237 2515 309 2574 runt
337 2515 367 2573 et
388 2510 572 2575 huiusmodi
587 2532 688 2591 praue
709 2514 876 2576 sentientes
898 2519 956 2576 aut
987 2514 1202 2594 respiscentes
1217 2514 1339 2593 pietate
1367 2511 1577 2576 ecclesiastica
1597 2513 1786 2594 repuleriter
1806 2536 1887 2578 rece-

230 2619 346 2694 perunt
369 2619 429 2677 aut
450 2614 487 2677 in
512 2636 573 2678 sua
598 2615 744 2679 uecordia
770 2621 799 2679 et
822 2616 934 2696 prauis
962 2617 1104 2679 sensibus
1125 2616 1330 2696 persistentes
1358 2613 1528 2695 epriscopali
1559 2621 1653 2697 atquc
1682 2617 1838 2682 catholica
1859 2622 1888 2681 et

236 2717 405 2798 apostolica
427 2719 617 2783 auctoritate
644 2741 666 2782 a
695 2720 850 2783 cmuortio
877 2719 1019 2799 fidelium
1047 2724 1297 2800 seprepaoerunt,
1327 2720 1410 2782 sicut
1437 2718 1573 2798 mentula
1601 2719 1747 2783 amicalis
1768 2721 1889 2785 Fausti

235 2822 276 2885 ad
297 2822 458 2886 lnmulum
477 2823 692 2906 presbyterum
714 2824 743 2887 et
765 2822 885 2887 libellus
900 2823 1036 2887 eiusdem
1053 2823 1230 2905 presbyteri
1245 2823 1363 2886 Lucidi
1379 2823 1414 2885 iu
1427 2822 1545 2904 synodo
1553 2828 1722 2902 porrectus
1736 2824 1889 2904 episeopis

235 2930 338 3006 aperte
359 2926 569 2990 dentonstrat:
595 2947 676 3007 quae
703 2930 853 3007 utraque,
877 2932 906 2990 et
927 2925 1095 3006 epistulam
1117 2924 1234 2989 scilicet
1257 2931 1286 2989 et
1308 2927 1508 2990 correctionis
1530 2924 1674 3003 libella-m,
1699 2927 1743 2990 nd
1763 2928 1888 2991 demort-

235 3028 402 3092 strandum
423 3029 472 3092 rei
493 3029 617 3092 cuidem
639 3030 871 3106 documentum,
902 3031 980 3110 quia
1008 3051 1072 3093 nou
1100 3029 1284 3109 quaerimus
1310 3029 1348 3091 dc
1369 3029 1531 3091 mendacio
1552 3034 1696 3093 astruere
1717 3032 1888 3108 ueritatem,

236 3131 284 3195 bic
298 3132 436 3196 inserere
451 3134 662 3197 necessarium
678 3133 838 3197 ducimus.
888 3133 1110 3197 Caelestinum
1135 3154 1253 3219 papam
1270 3133 1441 3216 aequalem
1456 3131 1572 3196 Lucidi
1596 3133 1673 3197 feeit
1689 3134 1887 3199 Hiuomarus

238 3256 360 3309 errore;
384 3237 516 3321 scripsit
529 3236 659 3323 quidem
676 3237 730 3301 ille
748 3245 862 3302 contra
878 3238 1202 3323 praedestinatianos,
1217 3235 1275 3300 sed
1291 3237 1392 3299 multo
1409 3242 1485 3300 anto
1498 3235 1659 3303 Lucidum
1674 3237 1887 3303 haereticum.

237 3337 412 3404 Praeterea
428 3339 624 3404 Hiuomarus
641 3343 747 3405 locum
769 3342 930 3427 epistulae
953 3341 1021 3406 ΡΑ.
1035 3341 1117 3405 XIV
1133 3362 1151 3403 e
1175 3340 1284 3404 codice
1306 3339 1333 3403 P
1350 3340 1446 3402 simili
1468 3339 1592 3423 (Migne
1607 3338 1742 3420 CXXV,
1766 3362 1797 3425 p.
1810 3341 1886 3424 372)

237 3445 355 3524 attulit,
378 3443 461 3509 haec
486 3443 526 3509 de
542 3444 665 3509 Fausto
690 3446 870 3531 praefatus:
909 3445 996 3512 Unde
1024 3445 1068 3508 ad
1093 3444 1268 3521 Faustum,
1298 3443 1407 3524 (cuius
1428 3442 1581 3523 opuscula
1603 3443 1687 3505 inter
1708 3444 1887 3524 apocrypha

238 3545 406 3627 apostolica
426 3548 515 3612 sedes
537 3548 688 3629 deputare
710 3551 847 3627 curant,
876 3551 1024 3630 quomam
1053 3570 1124 3613 cunt
1150 3548 1227 3612 aliis
1248 3546 1427 3612 malesanae
1449 3547 1611 3611 doctrinae
1637 3547 1772 3611 eicon-iis
1793 3547 1888 3610 etiarn

237 3649 271 3714 de
291 3650 406 3714 ultima
421 3652 624 3732 pamitadia
645 3675 747 3734 praue
774 3654 1004 3730 disseminavit,
1035 3654 1119 3716 sicut
1145 3652 1266 3732 scripta
1294 3652 1363 3715 eius
1390 3651 1618 3727 demonstrant,
1648 3671 1729 3732 quae
1757 3656 1888 3715 sauctus

241 3751 433 3819 Caelestinus
459 3755 504 3819 ad
525 3756 683 3838 episcopos
708 3757 892 3823 Gallicanos
912 3758 1051 3822 scribens
1073 3756 1249 3838 redomuit,
1279 3760 1317 3818 ut
1346 3757 1380 3818 iu
1401 3755 1470 3818 eius
1492 3753 1642 3817 decretali
1662 3755 1816 3835 scriptum
1838 3755 1887 3818 iu-

239 3858 360 3922 venitur
381 3859 542 3943 mutuli),
565 3861 696 3942 quidam
723 3861 887 3925 Paulinus
908 3862 956 3924 ita
976 3861 1096 3925 scrvdrit.

341 3961 508 4028 Posterior
531 3964 691 4050 epistulae
716 3964 784 4029 uA.
800 3965 866 4029 XX
888 3986 964 4051 pars
988 3964 1062 4028 inde
1087 3985 1106 4027 a
1129 3963 1239 4027 verbis
1257 3962 1421 4043 praecipuis
1441 3967 1478 4025 ut
1498 3962 1701 4044 respmruleam
1717 3961 1884 4026 codicibus
1911 3951 1961 4021 M

240 4063 406 4131 Claudiani
430 4067 582 4132 Mamerti
609 4070 756 4155 praefixa
783 4076 835 4133 est
862 4059 969 4152 nequo
998 4074 1106 4132 tamen
1135 4088 1155 4131 a
1183 4066 1341 4151 scriptore
1370 4066 1454 4150 ipso,
1488 4087 1584 4150 quem
1611 4072 1738 4130 constat
1765 4067 1885 4150 legisse

238 4168 395 4256 iutegram
412 4172 598 4257 epistulam,
623 4179 719 4259 prout
734 4174 766 4237 In
783 4172 813 4237 G
830 4179 948 4237 exstat.
983 4171 1134 4236 Mamerti
1152 4170 1288 4250 codices,
1312 4192 1330 4234 e
1347 4169 1464 4254 quibus
1482 4169 1623 4255 optimus
1640 4176 1690 4233 est
1705 4168 1887 4255 Lipsiensis

239 4294 264 4338 u.
286 4276 359 4354 286,
388 4296 475 4341 saec.
498 4276 558 4354 XI,
597 4297 838 4362 nonnumquam
877 4279 963 4341 solus
993 4297 1066 4340 cum
1089 4275 1118 4339 G
1142 4272 1357 4351 concordans,
1389 4273 1513 4337 habent
1540 4294 1623 4357 quse
1651 4274 1678 4336 is
1706 4273 1826 4337 omittit
1856 4277 1888 4337 et

240 4379 452 4457 econtrario,
476 4384 512 4442 ut
534 4386 707 4465 utrumque
732 4380 889 4445 librorum
913 4400 1018 4464 genus
1043 4400 1118 4443 sese
1134 4378 1270 4441 invicem
1287 4378 1432 4461 expleat.
1476 4377 1529 4440 Ad
1552 4382 1696 4440 nostram
1718 4397 1786 4440 rem
1803 4394 1886 4459 queo

240 4479 357 4546 iaciunt
378 4482 576 4548 Mamertina
596 4486 720 4570 sumpsi
744 4507 786 4550 ex
810 4484 951 4549 editione
974 4483 1127 4547 Mamerti
1149 4482 1459 4566 Engelbreehtiana.

340 4583 394 4650 Ex
416 4585 468 4649 his
493 4587 641 4672 epistulis
664 4588 818 4672 princeps
846 4586 914 4650 ΗΑ.
938 4585 1004 4649 XX
1031 4585 1139 4650 lucem
1162 4583 1259 4663 vidit,
1290 4583 1350 4648 sed
1371 4585 1531 4672 priucipio
1556 4584 1728 4663 destituta,
1756 4583 1887 4667 qualem

243 4687 367 4753 codices
392 4688 621 4754 Claudiani
647 4689 845 4754 Mamerti
872 4690 1086 4776 praebebant.
1135 4689 1281 4753 Primum
1303 4688 1454 4753 Basileae
1478 4710 1562 4754 anno
1588 4691 1680 4769 1526,
1704 4709 1735 4772 p.
1760 4688 1883 4749 25-31

245 4790 272 4854 in
293 4791 434 4859 editione
459 4793 634 4859 Claudiani
657 4816 677 4858 a
700 4794 797 4859 Petro
821 4795 1003 4859 Mosellano
1034 4794 1217 4876 recognita,
1248 4793 1423 4857 novissime
1454 4794 1486 4856 iu
1518 4791 1663 4877 Corpore
1694 4791 1886 4875 scriptorum

247 4898 533 4962 ecclesiasticorum
556 4898 746 4962 Latinorum
770 4897 1017 4962 Vindobonensi
1044 4898 1130 4961 iuter
1158 4895 1330 4960 Claudiani
1362 4917 1462 4981 opera
1488 4918 1518 4981 p.
1544 4898 1648 4959 3-11
1673 4895 1714 4960 ab
1738 4894 1888 4977 Augusto

250 4996 461 5086 hugelbrecht
485 5024 513 5068 a.
541 5004 621 5067 1885
646 5002 809 5066 recensita
832 5001 960 5087 prodiit.
1006 5000 1070 5065 Hie
1095 5022 1167 5065 eam
1190 5001 1352 5085 integram
1376 5000 1466 5064 dedit
1490 5022 1532 5063 ex
1548 4999 1659 5063 codice
1677 4997 1707 5062 G
1723 4996 1887 5061 nonnullis

250 5100 314 5168 Iocis
337 5107 441 5171 minus
465 5111 618 5171 accurate
642 5107 770 5186 collato,
793 5127 875 5191 quos
898 5105 1086 5190 singillatim
1110 5105 1266 5170 adnotare
1289 5106 1388 5170 nolui

344 5209 396 5273 An
419 5209 502 5274 hanc
525 5216 680 5295 quattuor
699 5232 781 5295 quas
805 5209 910 5274 codex
932 5209 959 5273 P
979 5209 1117 5295 praebet
1133 5208 1295 5294 epistulae
1313 5215 1522 5272 accesserunt
1544 5228 1622 5271 cura
1638 5205 1690 5292 (P.
1707 5204 1888 5290 Pithoni),

257 5303 391 5376 Veterum
415 5315 538 5400 aliquot
558 5312 686 5377 Galliae
710 5313 936 5398 theologorum
959 5313 1095 5398 scripta,
1118 5311 1253 5376 Parisiis
1276 5313 1372 5390 1586,
1397 5312 1659 5391 f01.128¹-141,
1689 5309 1757 5374 FA.
1779 5308 1889 5373 XVII.

261 5404 333 5475 XIV.
352 5414 414 5479 XV
436 5415 580 5500 (omissis
605 5436 676 5479 eum
701 5414 812 5479 codice
837 5416 993 5479 extremis
1016 5437 1047 5501 p.
1072 5417 1144 5494 282,
1170 5415 1279 5501 5-9).
1303 5414 1396 5480 XVI.

347 5516 508 5604 Epistulas
534 5517 649 5583 Fausti
677 5518 858 5603 Lucidique
882 5517 949 5582 ΗΑ.
973 5517 1103 5582 XVIII.
1127 5518 1211 5582 XIX
1234 5541 1252 5584 e
1277 5518 1389 5583 codice
1416 5518 1612 5603 interpolato
1642 5517 1744 5582 edidit
1770 5518 1888 5582 Baro·

268 5613 348 5698 nius,
376 5622 520 5693 Annales
550 5623 779 5704 ecclesiastici,
809 5622 932 5686 Romae
959 5625 1056 5702 1595,
1086 5627 1162 5686 tom.
1185 5622 1249 5703 VI,
1277 5644 1308 5708 p.
1333 5625 1514 5686 446-447.
1569 5620 1752 5706 Epistulam
1776 5621 1890 5685 Fausti
