4462 6216
1029 346 1164 401 SIDONII
1183 342 1379 396 CARMINUM

745 521 898 586 currebat
921 520 1038 585 fluvius
1061 520 1210 585 residens
1234 527 1268 584 et
1290 516 1487 587 harundinis
1507 517 1595 581 altae

744 625 896 689 concolor
920 624 952 688 in
977 623 1071 688 viridi
1094 625 1244 688 fluitabat
1267 623 1349 687 silva
1371 621 1500 708 capillo.

676 743 713 780 ³³¹³·
746 727 802 792 dat
825 729 966 792 sonitum
990 736 1100 792 mento
1123 727 1212 792 unda
1235 726 1365 806 cadens,
1387 727 1466 790 licet
1489 724 1619 810 hispida
1641 725 1744 788 sactis

746 831 923 917 suppositis
947 832 1084 895 multum
1109 831 1241 895 sedaret
1263 831 1365 895 barba
1388 829 1563 913 fragorem.

744 945 877 1021 pectore
901 935 1050 999 ructabat
1072 935 1186 1000 latices
1209 935 1369 1020 lapsuque
1393 935 1492 997 citato

746 1039 894 1103 sulcabat
915 1037 1078 1102 madidam
1103 1038 1166 1101 iam
1189 1045 1316 1103 torrens
1341 1038 1453 1101 alveus
1476 1037 1594 1101 alvum.

744 1150 886 1208 terretur
907 1143 1060 1206 veniente
1083 1141 1146 1206 dea
1168 1142 1383 1226 manibusque
1407 1142 1556 1207 remissis

677 1287 681 1297 ·
747 1269 856 1312 remus
880 1257 914 1312 et
936 1267 1017 1310 urna
1040 1246 1170 1310 cadunt.
1217 1247 1331 1310 veniae
1354 1252 1422 1309 tum
1445 1246 1548 1310 verba
1569 1246 1697 1330 paranti

746 1352 799 1415 illa
824 1352 924 1436 prior:
950 1351 1056 1415 ‘venio
1081 1350 1245 1415 viduatam
1268 1350 1419 1436 praesule
1444 1356 1556 1414 nostro

745 1476 803 1540 per
827 1463 869 1533 te,
894 1455 921 1517 si
944 1456 1085 1540 placeat,
1110 1455 1250 1519 lacrimis
1274 1455 1441 1519 inflectere
1463 1453 1617 1517 Romam:

745 1564 881 1644 expetat
903 1558 1054 1622 Aurorae
1076 1567 1189 1643 partes
1212 1559 1364 1643 fastuque
1389 1564 1513 1623 remoto

747 1662 808 1726 hoc
830 1682 930 1726 unum
953 1667 1109 1747 praestet,
1133 1664 1196 1726 iam
1219 1663 1292 1747 plus
1316 1662 1470 1747 dignetur
1492 1664 1605 1726 amari.

676 1781 712 1815 ³⁵
745 1766 870 1830 instrue
894 1786 974 1850 quas
998 1774 1134 1850 quaerat
1157 1766 1243 1830 vires
1267 1765 1401 1851 orbique
1425 1767 1546 1831 iacenti

745 1889 807 1953 quo
831 1876 945 1953 poscat
967 1868 1019 1932 dic
1042 1868 1121 1933 orbc
1145 1877 1253 1955 eaput.
1293 1890 1531 1955 quemcumque
1552 1869 1674 1934 creavit

745 1994 808 2037 axe
831 1994 904 2036 meo
929 1978 1052 2045 uatum,
1076 1973 1248 2037 confestim
1271 1973 1369 2058 fregit
1391 1974 1424 2036 in
1448 1973 1504 2037 illo

746 2077 872 2161 imperii
897 2076 1028 2140 fortuna
1051 2083 1146 2140 rotas.
1193 2076 1268 2140 hinc
1283 2075 1454 2141 Vandalus
1476 2077 1581 2140 hostis

749 2186 845 2263 urget
867 2186 901 2243 et
924 2179 957 2242 in
980 2187 1125 2243 nostrum
1151 2201 1323 2244 numerosa
1346 2182 1453 2244 classe
1477 2181 1650 2265 quotannis

675 2297 705 2330 ³⁵·
746 2282 865 2345 militat
888 2281 1061 2348 excidium.
1085 2304 1307 2368 conversoque
1331 2283 1443 2347 ordine
1467 2284 1525 2347 fati

744 2383 866 2448 torrida
890 2383 1077 2450 Caucaseos
1100 2387 1199 2451 infert
1221 2387 1299 2450 mihi
1323 2387 1430 2472 Byrsa
1452 2386 1588 2450 furores.

743 2494 917 2574 praeterea
940 2489 1078 2553 invictus
1101 2488 1256 2568 Ricimcr‚
1280 2512 1375 2575 quem
1398 2490 1531 2576 publica
1553 2490 1621 2554 fata

744 2591 934 2677 respiciunt,
958 2593 1088 2678 proprio
1113 2594 1202 2658 solus
1226 2595 1281 2658 vix
1304 2594 1409 2658 Marte
1433 2594 1565 2679 repellit

744 2696 881 2781 piratam
904 2717 964 2781 per
986 2718 1062 2760 rura
1085 2718 1213 2782 uagum.
1238 2700 1292 2783 qui
1314 2699 1439 2782 proelia
1461 2698 1568 2762 vitans

745 2800 900 2864 victorem
925 2799 1081 2884 fugitivus
1105 2803 1181 2886 agit.
1227 2802 1300 2887 quis
1324 2802 1459 2866 sufferat
1481 2802 1622 2875 hostem,

704 2916 706 2920 ·
743 2903 797 2988 qui
820 2924 935 2988 paoem
957 2924 1166 2988 pugnamque
1191 2912 1310 2990 negat?
1344 2927 1419 2969 nam
1442 2905 1577 2970 foedera
1599 2904 1689 2969 nulla

744 3029 816 3072 curu
840 3007 1004 3072 Ricimere
1029 3009 1115 3072 iacit.
1162 3031 1258 3095 quem
1283 3031 1340 3073 cur
1362 3010 1458 3073 nimis
1482 3008 1590 3073 oderit
1613 3007 1700 3072 audi.

744 3111 903 3176 incertum
928 3119 1040 3197 erepat
1064 3113 1118 3176 ille
1142 3121 1280 3198 patrem,
1304 3136 1377 3178 cum
1401 3134 1497 3177 serva
1522 3113 1564 3177 sit
1587 3113 1634 3175 illi

664 3261 670 3272 ·
745 3222 836 3282 certa
858 3236 997 3300 parcns;
1021 3237 1106 3280 nunc
1130 3224 1166 3280 ut
1189 3219 1277 3301 rogis
1302 3219 1344 3280 sit
1367 3217 1462 3289 lilius,
1487 3216 1583 3281 effert

674 3335 698 3369 ³¹³
745 3320 857 3384 matris
882 3318 1087 3384 adulterium.
1133 3328 1200 3384 tum
1223 3321 1313 3401 livet,
1337 3320 1423 3407 quod
1446 3320 1647 3385 Ricimerem

742 3424 773 3486 in
796 3443 933 3507 reguum
957 3422 1021 3487 duo
1046 3445 1148 3508 regna
1171 3433 1305 3499 vocaut;
1330 3446 1403 3488 nam
1427 3432 1520 3510 patre
1544 3423 1685 3499 Suebus,

743 3548 762 3589 a
784 3526 953 3611 genetrice
978 3525 1092 3592 Getes.
1139 3529 1233 3592 simul
1257 3536 1291 3593 et
1313 3530 1533 3593 reminiscitur
1556 3526 1646 3601 illud,

744 3630 829 3714 quod
852 3629 1053 3695 Tartesiacis
1078 3652 1158 3696 avus
1182 3631 1278 3696 huius
1294 3632 1404 3697 Vallia
1427 3633 1522 3697 torris

742 3733 938 3798 Vandalicas
962 3741 1085 3799 tunnas
1109 3743 1142 3800 ct
1164 3736 1267 3800 iuncti
1290 3735 1405 3799 Martis
1427 3735 1576 3799 Halanos

673 3853 711 3887 ³⁶5·
743 3839 859 3902 stravit
881 3845 915 3902 et
938 3838 1107 3903 occiduam
1132 3846 1246 3905 texere
1270 3840 1430 3904 cadavera
1454 3838 1590 3923 Calpen.

743 3941 819 4025 quid
843 3948 972 4007 veteres
995 3963 1129 4006 narrare
1154 3944 1260 4027 fugas,
1284 3943 1361 4028 quid
1384 3943 1504 4008 darona
1526 3943 1669 4028 priorum
1679 3950 1692 4005 ‘t

743 4045 952 4129 Agrigentini
976 4046 1092 4110 recolit
1115 4047 1289 4133 dispendia
1312 4048 1428 4132 campi.

742 4148 818 4212 inde
841 4149 929 4226 furit,
953 4149 1040 4233 quod
1065 4173 1101 4215 sc
1125 4151 1236 4215 docuit
1260 4153 1338 4216 ratis
1362 4152 1424 4216 istc
1448 4159 1600 4237 nepotem

742 4252 829 4315 illius
853 4273 926 4316 csse
951 4253 1021 4333 uiri,
1046 4273 1108 4337 quo
1132 4255 1212 4335 viso,
1229 4254 1390 4334 Vandale,
1415 4275 1545 4340 semper

672 4370 695 4407 ῑῑ
741 4362 836 4440 terga
858 4355 972 4420 dabas.
1018 4377 1094 4420 nam
1117 4378 1181 4421 non
1206 4358 1325 4423 Siculis
1348 4359 1506 4422 illustrior
1529 4359 1616 4421 arvis

742 4467 787 4541 tu,
811 4459 979 4539 Marcelle,
1003 4460 1101 4541 redis,
1125 4483 1185 4547 per
1208 4484 1305 4548 quem
1327 4463 1445 4527 tellure
1469 4464 1616 4548 marique

741 4570 854 4629 nostra
878 4562 1067 4649 Syracosios
1090 4573 1282 4651 presserunt
1305 4588 1396 4631 arma
1417 4573 1573 4651 penates:

741 4688 801 4733 nec
824 4673 871 4749 tu,
895 4668 947 4732 cui
971 4689 1100 4732 currum
1124 4668 1214 4734 (lurii
1238 4691 1404 4756 superare,
1427 4670 1573 4743 Metelle,

742 4771 889 4856 contigit,
912 4778 1080 4837 ostentans
1105 4773 1199 4837 nobis
1223 4774 1365 4839 elelanta
1388 4773 1604 4858 frequentem,

670 4888 707 4925 ‚a
741 4896 824 4961 grex
846 4876 941 4961 niger
962 4875 1113 4942 albentes
1137 4883 1265 4962 tegeret
1289 4898 1362 4942 cum
1385 4878 1472 4942 mole
1496 4876 1624 4961 iugales

741 4986 974 5065 auctoremque
998 5001 1093 5045 suum
1117 4983 1241 5046 celaret
1265 5002 1385 5067 pompa
1407 4981 1573 5066 triumphi.

743 5084 883 5149 Noricus
907 5084 1143 5170 Ostrogothum
1167 5085 1253 5170 quod
1277 5087 1432 5166 continet,
1456 5086 1519 5150 istc
1543 5085 1690 5160 timetur;

383 5207 615 5219 ῌ-*ομ-
621 5208 793 5218 ..n—..m-

476 5308 529 5363 333
545 5313 611 5365 altae
623 5320 646 5363 et
660 5312 781 5377 iramorp.
794 5308 806 5360 l
818 5309 866 5360 alis
881 5308 903 5359 O
998 5307 1050 5360 334
1068 5311 1197 5361 cunrcolor
1209 5309 1234 5361 P
1336 5309 1387 5362 333
1405 5312 1466 5362 satis
1478 5311 1504 5361 P
1605 5307 1657 5361 338
1675 5313 1759 5363 alvom
1774 5311 1815 5362 Τ*ι
1918 5308 1971 5364 343
1988 5331 2033 5365 ox·

373 5406 447 5464 pects
470 5398 494 5448 P
630 5397 683 5452 348
709 5399 816 5467 imperio
841 5398 879 5448 ΟΒ
983 5399 1129 5449 rruandalus
1148 5397 1197 5449 OF
1331 5396 1382 5449 349
1408 5399 1556 5465 quotiunuis
1574 5398 1602 5448 F
1736 5396 1789 5450 350
1814 5399 1950 5450 exciduuru
1971 5390 2037 5451 0¹1⁵

372 5479 423 5533 331
447 5485 557 5535 lurorom
579 5488 616 5537 (¹⁰
732 5485 784 5537 355
801 5487 838 5537 ait
855 5485 884 5536 F
997 5483 1049 5535 360
1073 5486 1219 5537 ricemerem
1242 5486 1278 5536 0¹
1399 5484 1448 5537 361
1475 5503 1572 5536 suevus
1589 5486 1663 5536 codd.
1775 5482 1827 5535 362
1849 5484 1940 5552 gethes
1956 5485 2032 5538 coda

374 5564 425 5617 363
443 5586 495 5634 quo
514 5569 542 5620 F
624 5575 767 5624 canosiacis
788 5574 810 5624 U
893 5573 949 5624 auis
967 5572 995 5623 F
1083 5573 1181 5624 uuallia
1201 5573 1237 5623 Οἳ
1366 5570 1417 5623 364
1441 5574 1607 5623 rruurrdalicas
1629 5570 1700 5623 cFP
1822 5568 1873 5621 366
1897 5573 1992 5638 fugans
2009 5570 2036 5622 P

372 5651 425 5703 363
437 5655 567 5706 uuaudule
578 5657 650 5711 C'FI'
733 5657 785 5711 372
796 5661 944 5728 Syracosias
958 5659 1020 5711 Lice.
1032 5661 1165 5722 discordem·¹
1175 5662 1311 5712 siracusios
1323 5661 1397 5711 codd.
1485 5658 1537 5713 3Ῐ3
1550 5661 1653 5712 ructallc
1664 5658 1689 5709 P
1772 5655 1824 5709 3?ss
1835 5673 1997 5725 aurorauquc
2010 5658 2036 5709 Τ
