4462 6216
710 331 818 387 LIBER
836 332 872 397 Π,
896 331 972 388 LVII
990 332 1006 400 5
1025 331 1039 385 1
1059 362 1091 370 -
1110 330 1201 387 LXIII
1218 333 1235 401 fi
1253 334 1278 389 1.
1757 336 1820 398 349

172 507 381 572 subtraxerat
407 505 577 587 inimicus,
606 505 769 590 benignus
801 499 1061 571 subministravit
1089 506 1236 572 affectus.
1283 526 1380 591 quem
1407 505 1530 571 idcirco
1553 506 1648 571 nobie
1672 505 1822 572 dominus
1856 509 1876 570 2
1904 517 1938 589 G

172 610 234 675 hoe
262 610 303 675 ad
331 617 461 696 tempus
489 609 634 696 permisit
660 609 786 689 inferri,
820 616 857 673 ut
887 615 921 674 et
949 617 1094 675 nostram
1122 610 1312 696 patientiam
1347 631 1406 697 per
1437 610 1589 675 iniuriam
1617 617 1651 675 et
1679 617 1822 676 vestram

174 736 253 800 erga
274 736 333 778 nos
357 714 528 779 caritatem
550 734 609 800 per
632 714 895 799 compatientiam
919 712 1146 799 comprobaret
1169 734 1208 778 ac
1231 713 1301 779 sine
1318 713 1490 799 dispendio
1508 714 1673 779 facultatis
1689 721 1822 779 nostrae

172 817 263 883 vobis
285 819 412 882 lucrum
435 817 545 904 operis
569 837 629 902 per
651 816 846 882 beneficium
868 815 1055 882 dilectionis
1079 816 1219 883 afferret.

961 1109 1034 1175 LX.

419 1259 636 1326 RURICIUS
660 1258 908 1326 EPISGOPUS
931 1260 1054 1326 FILIO
1070 1260 1338 1326 VITTAMRRO
1363 1260 1585 1329 SALUTEM.

277 1381 476 1473 Fnuursnss
498 1429 558 1472 nos
574 1407 669 1472 vobis
693 1407 771 1471 lacit
786 1413 897 1471 vestra
920 1405 1075 1492 dignatio,
1099 1405 1175 1471 dum
1198 1406 1260 1471 hoc
1282 1404 1367 1492 quod
1384 1427 1403 1471 a
1419 1404 1515 1472 nobis
1532 1406 1673 1471 libenter
1689 1406 1826 1471 offertur
1859 1411 1872 1469 1

174 1511 309 1575 avobis
332 1516 499 1595 gratanter
522 1511 696 1597 accipitur;
720 1509 880 1597 siquidem
904 1510 983 1575 illud
1007 1531 1125 1575 munus
1148 1510 1351 1597 acceptabile
1375 1509 1531 1596 probatur
1554 1516 1587 1575 et
1610 1509 1715 1587 dulce,
1739 1508 1825 1596 quod

173 1635 239 1678 non
268 1613 459 1698 magnitudo
490 1614 719 1693 insinuaverit,
751 1613 809 1678 sed
838 1612 1073 1679 commendarit
1100 1614 1240 1679 affectio.
1291 1633 1376 1698 quae
1404 1633 1456 1677 res
1486 1614 1579 1689 iecit,
1614 1619 1651 1677 ut
1679 1613 1718 1677 ad
1749 1635 1824 1700 per-

123 1730 149 1769 10
175 1717 368 1782 solvendum
390 1717 481 1780 vobis
505 1723 709 1802 spontaneae
732 1716 914 1782 devotionis
939 1718 1131 1803 obsequium
1158 1717 1312 1783 etiamid
1341 1717 1520 1783 habeamus
1549 1719 1582 1782 in
1607 1719 1708 1800 votis,
1739 1718 1826 1803 quod

173 1842 238 1885 non
260 1821 419 1885 habemus
435 1821 468 1884 in
483 1819 602 1884 verbis.
642 1821 763 1906 itaque,
787 1822 982 1886 salutatione
999 1820 1154 1908 depensa,
1177 1858 1272 1902 ·····
1297 1821 1374 1906 quia
1390 1827 1520 1886 centum
1539 1822 1609 1908 pire
1632 1821 1825 1886 sublimitati
1857 1823 1877 1884 2

173 1929 319 2000 vestrae,
350 1923 415 1987 alia
444 1928 573 1987 centum
600 1922 688 1988 filiae
716 1945 810 1989 meae
839 1923 1003 1991 destinare
1026 1925 1249 2012 praesumpsi;
1280 1946 1365 2010 quae
1389 1926 1416 1990 si
1438 1925 1576 1990 fortasse
1600 1925 1827 2012 displicuerint

176 2027 302 2112 saporis
326 2033 434 2111 gustu,
458 2026 646 2113 placebunt,
669 2034 706 2091 ut
728 2027 931 2110 confidimus,
954 2028 1205 2094 transmittentis
1227 2027 1358 2095 affectu.

957 2318 1047 2387 LXI.

125 2488 149 2526 1⁵
541 2472 758 2539 RURICIUS
781 2470 1030 2537 FPISOOPUS
1053 2471 1223 2538 FRATRI
1246 2473 1466 2542 NAMATIO.

280 2588 414 2685 Sucro
437 2620 612 2707 plurimum
636 2625 670 2685 et
692 2641 799 2707 spero,
826 2625 873 2695 ut,
897 2619 924 2682 si
948 2618 1092 2683 secundo
1116 2620 1259 2684 crastino
1282 2640 1347 2684 non
1369 2619 1527 2705 potueris,
1551 2620 1605 2684 sel
1628 2621 1726 2685 tertia
1749 2620 1831 2685 feria
1864 2623 1878 2683 1

176 2721 217 2786 ad
249 2743 308 2787 nos
336 2723 447 2788 venire
478 2723 636 2810 digneris,
670 2724 747 2809 quia
779 2721 941 2786 desiderio
975 2726 1053 2786 tuae
1087 2721 1233 2787 caritatis
1268 2723 1399 2787 accensi
1435 2729 1468 2787 et
1500 2743 1558 2786 noe
1588 2723 1723 2787 dicimus
1755 2745 1829 2788 eum

175 2826 352 2912 propheta:
383 2828 510 2891 anima
531 2848 617 2892 mea
639 2827 742 2892 sicut
763 2830 869 2891 terra
892 2825 976 2889 sine
999 2846 1099 2911 aqua
1127 2825 1209 2890 tibi.
1254 2823 1404 2889 deiecit
1431 2825 1595 2911 spiritns
1623 2848 1738 2893 meus.
1782 2848 1829 2892 ne

177 2936 335 2994 avertas
373 2929 512 2994 faciem
550 2936 663 2995 tuam.
720 2951 761 2995 ne
795 2930 930 2997 moreris
965 2928 1161 3012 adventurn,
1202 2935 1238 2994 ut
1271 2930 1414 3015 pectoris
1448 2930 1567 3012 nostri,
1606 2951 1703 3016 quem
1738 2931 1830 3017 parvi
1861 2934 1881 2994 2

124 3046 149 3085 ⁹⁰
175 3034 334 3119 temporis
359 3033 481 3097 solacio
506 3033 700 3114 suscitastis,
724 3033 943 3120 exstinguatis
966 3032 1163 3100 incendium.

949 3324 1057 3391 LXII.

537 3477 753 3544 RURIGIUS
777 3476 1025 3544 FPISOOPUS
1049 3477 1172 3543 FILIO
1194 3476 1472 3545 VI'ITAMFRO.

289 3593 443 3689 Gnarus
465 3643 528 3706 ago
552 3620 821 3707 dignantissimae
848 3642 929 3708 erga
957 3645 1010 3688 me
1040 3623 1234 3689 sublimitati
1257 3630 1405 3704 vestrae,
1437 3623 1521 3709 quod
1549 3646 1607 3689 nos
1636 3622 1676 3687 dc
1704 3624 1831 3689 actibus
1866 3629 1880 3687 l

178 3733 277 3811 atque
307 3726 531 3790 incolumitate
560 3731 685 3805 vestre,
720 3746 801 3812 quos
835 3727 939 3792 nostis
974 3726 1035 3792 deo
1068 3728 1208 3815 propitio
1237 3748 1296 3813 pro
1325 3728 1540 3793 amicitiarum
1568 3729 1637 3793 iure
1666 3727 1832 3809 sollicitos,

125 3843 151 3881 ²⁵
176 3829 284 3894 fecitis
312 3830 494 3894 litterarum
526 3826 701 3893 sedulitate
735 3850 880 3896 securos.
928 3829 1015 3894 unde
1049 3829 1101 3894 his
1134 3830 1337 3917 reciprocum
1371 3829 1471 3894 reddo
1506 3830 1669 3895 nobilitati
1702 3836 1831 3896 vestrae
1863 3832 1883 3893 2

178 3933 382 3997 salutationis
406 3931 547 3996 officium
571 3940 679 4005 etms
703 3933 763 3999 has
786 3934 828 3998 de
851 3933 1040 3999 Decaniaco
1063 3934 1105 3999 ad
1128 3955 1187 3999 voe
1210 3935 1341 4000 dedisse
1371 3935 1535 4020 significo,
1568 3957 1675 4000 meam
1704 3955 1834 4021 quoque

177 4036 269 4100 vobis
292 4037 404 4101 favore
427 4035 622 4117 divinitatis,
653 4056 752 4122 quam
774 4036 867 4101 vobis
890 4038 1022 4123 placere
1050 4036 1193 4116 confido,
1225 4036 1373 4102 indicans
1405 4038 1609 4125 sospitatem.
1653 4038 1834 4125 praestabit
1865 4039 1884 4100 3

179 4139 339 4220 dominus,
363 4145 399 4203 ut
423 4140 519 4203 citius
542 4139 618 4204 hinc
633 4160 805 4223 regressus
822 4141 940 4204 vestris
955 4160 1085 4206 merear
1103 4140 1269 4205 obtutibus
1286 4143 1502 4227 praesentari,
1525 4147 1561 4206 ut
1576 4141 1667 4205 cuius
1683 4140 1832 4224 benigni-

178 4249 246 4308 tate
269 4249 379 4309 vestra
402 4244 563 4308 incitastis
587 4241 794 4325 desiderium,
817 4244 941 4308 visione
965 4244 1147 4310 sollicitetis
1172 4245 1337 4311 affectum.

945 4532 1069 4602 LXIII.

454 4688 670 4754 RURIOIUS
695 4688 943 4756 RPISOOPUS
966 4690 1135 4756 FRATRI
1159 4688 1308 4756 cLARO
1331 4687 1561 4756 FPISOOPO.

286 4808 522 4902 Arosrousrur
550 4842 658 4901 vestro
692 4859 750 4924 pro
784 4860 824 4903 ea
854 4860 951 4925 quam
981 4840 1060 4904 mibi
1093 4860 1157 4904 non
1188 4859 1247 4924 pro
1280 4837 1360 4900 meis
1393 4835 1518 4900 meritis
1552 4833 1609 4898 sed
1644 4855 1702 4920 pro
1733 4834 1835 4899 bene·
1869 4841 1883 4900 1

180 4941 323 5005 volentia
357 4940 538 5004 animorum
572 4947 753 5006 vestrorum
788 4941 976 5029 impenditis
1011 4943 1163 5022 caritate,
1204 4963 1268 5006 non
1305 4939 1428 5021 dicam,
1463 4939 1567 5005 vicem
1603 4959 1666 5001 non
1702 4960 1835 5024 possum

284 5146 317 5198 18
334 5144 377 5199 Pe.
397 5145 503 5211 CXLII,
521 5148 546 5201 6.
567 5147 591 5202 7.

282 5285 417 5353 1111111ιί]
436 5287 586 5350 Mommsen,
603 5288 743 5340 inferreG
846 5285 1062 5353 deonpacientIa
1079 5286 1287 5352 conprobaritdl
1357 5280 1499 5351 dispendio]
1519 5283 1678 5351 Irujolann,
1701 5284 1735 5350 cs.
1753 5300 1834 5348 capra

174 5377 271 5440 11315,
288 5376 305 5425 1.
319 5378 359 5438 37,
373 5377 469 5440 paea,
489 5376 506 5426 1.
521 5381 557 5437 11,
575 5376 653 5427 dubio
669 5376 693 5425 G
798 5372 1006 5425 lsamiliarisG
1110 5373 1142 5426 11
1160 5373 1294 5424 babemus.
1318 5373 1348 5421 ln
1366 5370 1448 5421 uerba
1460 5371 1546 5436 itaque
1559 5371 1713 5421 salutatione
1725 5370 1837 5436 depensa

179 5462 243 5511 coci.
257 5460 399 5512 Ilonrmeca
463 5458 560 5526 uerbis]
580 5461 644 5510 coni.
660 5461 786 5524 Occiairu,
804 5460 922 5512 uerbaG
985 5460 1103 5526 significo
1118 5459 1202 5525 suppl.
1217 5456 1367 5524 Ialtjobaao
1430 5457 1528 5523 peraG
1633 5456 1667 5506 19
1685 5455 1837 5523 peccarisG

179 5544 311 5613 quemlG
414 5545 449 5597 20
471 5544 630 5613 Incendium]
652 5547 710 5598 linit
732 5546 833 5597 adae
935 5541 970 5595 24
988 5544 1157 5596 solliciturG
1260 5542 1295 5594 25
1312 5543 1464 5594 securueG
1569 5541 1604 5594 26
1622 5560 1704 5594 meam
1722 5537 1836 5608 quoque]

179 5632 337 5698 Izdrjolrcen,
355 5648 488 5698 meamque
510 5633 533 5682 G
635 5630 670 5682 27
688 5648 767 5698 quam
786 5647 834 5683 uos
855 5630 878 5680 0
