4462 6216
930 372 1138 427 PRAEFATIO
1157 374 1197 426 IN
1215 373 1393 428 SIDONIVM

455 1370 641 1471 (lodicum
671 1407 990 1479 Sidonianorum,
1023 1407 1050 1469 si
1081 1406 1296 1492 epistularum
1326 1405 1571 1490 carminumque
1609 1407 1756 1471 ordinem
1791 1415 1848 1471 aut
1881 1415 1988 1473 trans-

336 1510 550 1598 positionibus
584 1516 743 1574 mutatum
778 1515 834 1574 aut
868 1510 965 1574 etiam
1001 1509 1127 1572 lacunis
1162 1509 1306 1573 hiantem
1342 1509 1559 1594 spectaretis,
1595 1515 1784 1595 quattuor
1813 1510 1989 1574 familias

338 1613 433 1678 facile
457 1612 635 1677 discernes.
1361 1669 1364 1673 ,

446 1715 555 1801 Atque
578 1718 711 1800 prima
742 1715 873 1801 quidem
901 1716 1057 1779 familia
1091 1716 1198 1779 omnia
1233 1714 1355 1779 Sidonii
1389 1716 1512 1801 scripta
1546 1715 1692 1779 continet
1722 1715 1836 1779 eodem
1869 1736 1931 1800 quo
1957 1716 1990 1778 in

339 1819 580 1904 exemplaribus
604 1820 745 1904 vulgatis
763 1820 875 1884 ordino
893 1818 1061 1904 disposita,
1085 1818 1147 1881 nisi
1169 1818 1254 1903 quod
1279 1840 1331 1904 ep.
1354 1819 1375 1881 l.
1393 1818 1470 1893 VH,
1495 1821 1514 1882 6
1539 1824 1572 1882 et
1595 1821 1613 1881 7
1639 1826 1712 1904 post
1737 1838 1855 1882 nonam
1870 1819 1986 1902 legun-

284 1918 315 1993 0
339 1930 400 1988 tur.
445 1923 590 1986 Primum
613 1923 645 1986 in
669 1923 730 1987 hac
752 1923 876 1988 familia
897 1924 1003 1986 locum
1027 1921 1155 1986 obtinet
1178 1920 1260 1984 cod.
1284 1922 1536 1986 Matritensis
1559 1920 1607 1985 ue
1636 1925 1705 2003 102,
1729 1923 1762 1986 in
1788 1921 1988 1986 bibliotheca

338 2026 493 2090 nationali
522 2033 724 2101 asservatus,
755 2026 1025 2091 membranaceus
1054 2025 1178 2088 formae
1208 2024 1386 2109 quadratae
1426 2025 1559 2089 saeculo
1582 2023 1615 2087 X
1638 2025 1688 2088 vel
1712 2025 1762 2087 XI
1793 2025 1988 2090 nitidissime

337 2130 490 2213 scriptus:
525 2151 620 2213 quem
658 2127 881 2192 Cluniaeensis
910 2127 1041 2192 nomine
1071 2127 1263 2211 significavi.
1317 2126 1467 2213 Namque
1498 2127 1531 2191 in
1561 2127 1623 2189 hoc
1654 2147 1718 2190 uno
1750 2127 1878 2208 codice,
1903 2137 1936 2193 et
1959 2130 1991 2192 id

338 2233 467 2317 quidem
491 2232 524 2295 in
547 2239 715 2317 extremae
739 2232 879 2318 paginae
902 2231 1049 2316 margine
1066 2230 1232 2309 Interiora,
1256 2231 1371 2294 eadem
1394 2251 1493 2295 manu
1515 2251 1579 2315 qua
1602 2235 1713 2293 cetera
1736 2238 1793 2295 aut
1816 2239 1903 2295 certe
1928 2254 1990 2296 non

337 2336 440 2399 multo
462 2336 646 2399 recentiore
670 2336 826 2420 scriptum
849 2334 959 2399 inveni
981 2332 1062 2398 illud
1085 2332 1288 2419 epitaphium
1312 2332 1447 2412 Sidonii,
1471 2332 1557 2417 quod
1582 2332 1775 2398 Sirmoudus
1800 2340 1854 2398 ‘ex
1878 2342 1991 2399 vetere

341 2438 452 2503 codice
488 2437 697 2503 Cluniacensi
725 2435 964 2523 depromptum’
994 2435 1105 2500 edidit.
1159 2435 1212 2500 Ita
1245 2443 1354 2502 autem
1389 2443 1523 2521 practer
1550 2437 1745 2522 compendia
1768 2445 1802 2502 et
1832 2439 1991 2523 ligaturas

341 2542 514 2607 sehabet:

870 2622 1247 2707 EPITHAPHIUM1)
1270 2622 1459 2689 SIDONII.

805 2744 932 2810 Sanctis
954 2746 1120 2828 cont-ipuus
1140 2766 1292 2826 sacroque
1308 2746 1403 2826 patri

812 2848 897 2914 Vivit
917 2849 964 2912 sie
986 2849 1108 2913 meritis
1130 2847 1340 2930 Apollinaris,

805 2951 983 3034 Itlrestris²l
1007 2952 1119 3031 titulis,
1132 2958 1247 3033 poteras
1269 2952 1392 3029 horrere,

804 3055 919 3120 Rector
940 3055 1052 3120 militie
1062 3056 1089 3138 8)
1111 3055 1237 3137 forique
1258 3055 1365 3133 *iudea

807 3158 928 3223 Mundi
950 3159 1033 3224 inter
1055 3159 1195 3224 tumr'des
1216 3159 1343 3239 quietus
1365 3159 1479 3237 rumbis,

810 3260 989 3327 Causarum
1011 3261 1178 3326 moderans
1199 3260 1332 3325 cubiade
1353 3266 1456 3325 neotus

806 3366 903 3445 Lepes
925 3364 1088 3429 barbarico
1110 3364 1197 3428 dedit
1217 3363 1325 3444 furori
1335 3384 1345 3441 ‚·

806 3468 1072 3533 Discordantibus
1093 3469 1177 3533 inter
1200 3488 1293 3533 arum
1315 3470 1421 3551 repuis

807 3571 922 3636 Pacem
943 3571 1073 3637 cornilio
1096 3571 1225 3636 redusit
1246 3568 1358 3652 amplo.

809 3674 898 3743 Haec
922 3679 1004 3743 inter
1025 3683 1131 3743 tanum
1152 3683 1182 3742 et
1197 3677 1451 3758 philosophando

807 3781 943 3863 Scripsit
957 3782 1123 3864 perpetuis
1144 3780 1288 3846 habenda
1309 3781 1448 3865 seclis;⁴)

808 3885 853 3948 Et
869 3891 942 3967 post
964 3884 1046 3949 tatia
1068 3885 1153 3950 dena
1177 3883 1370 3950 Gratiarum

807 3988 930 4053 Summi
944 3989 1110 4069 pontificis
1130 3989 1241 4053 sederas
1262 3988 1445 4053 cathedram

807 4091 995 4157 Mandanes
1015 4092 1113 4157 soboli
1134 4092 1256 4173 refudit
1264 4093 1291 4177 5)
1315 4097 1417 4157 actus.

810 4195 949 4277 Quisque
970 4195 1022 4258 bie
1043 4195 1150 4279 euml)
1173 4194 1315 4259 interimis
1337 4194 1430 4258 deum
1451 4193 1584 4276 ropabis,

808 4296 968 4363 Dextrum
989 4297 1089 4378 funde
1105 4319 1215 4379 preces
1235 4319 1331 4382 super
1352 4297 1549 4378 sepulerum:

807 4401 901 4465 Nulb
924 4402 1104 4484 incognitus
1125 4407 1154 4466 et
1176 4401 1323 4485 lumidus
1344 4402 1412 4466 orbi

809 4506 884 4571 Iltic
906 4506 1059 4573 Sidonius
1080 4507 1138 4572 tibi
1158 4508 1327 4572 invocetur.

706 4626 786 4691 XII
802 4627 838 4692 u
859 4626 1046 4712 Septembris
1068 4627 1192 4693 Zenone
1213 4629 1408 4712 inperatore.

452 4781 629 4846 Praeterea
658 4782 983 4848 animadvertendum
1015 4791 1064 4849 est
1093 4783 1178 4869 quod
1209 4785 1243 4847 in
1270 4784 1326 4847 tol.
1351 4787 1385 4846 7·
1413 4805 1433 4848 a
1462 4804 1560 4846 manu
1591 4782 1714 4846 saeculi
1739 4780 1807 4844 Xll
1839 4781 1996 4865 scriptum

345 4887 480 4972 legitur:
516 4884 658 4968 Drpuum
686 4892 732 4950 est
759 4887 923 4964 inertioria,
958 4888 1043 4968 quod
1070 4888 1205 4952 dotianus
1227 4886 1419 4950 Berrmrdus
1447 4886 1644 4950 eanmrarius
1669 4885 1753 4949 aiau
1783 4885 1816 4947 in
1846 4883 1998 4947 cimiterio

344 4989 485 5071 fratrum
506 5010 612 5054 eoram
633 4990 745 5054 demna
760 4990 870 5054 abbate
884 4990 1088 5055 audientibus
1103 4989 1266 5055 nonnullis
1280 4990 1450 5054 seriorum.
1495 4988 1555 5052 Ait
1576 4988 1677 5052 euim:
1699 4988 1832 5051 (umeris
1850 5006 1997 5067 mapruon

344 5099 390 5158 est
411 5094 561 5158 mermelro
583 5114 793 5158 murmurare.
841 5094 932 5175 Qrsod
953 5093 1149 5158 nrerrrorabile
1171 5094 1292 5158 dietrrm
1314 5093 1411 5158 iussit
1432 5093 1529 5157 scribi
1544 5093 1678 5157 donnaus
1696 5092 1801 5156 abbas.
1848 5089 1996 5173 Denique

345 5197 379 5261 in
409 5197 473 5259 imo
503 5198 557 5261 fol.
580 5197 621 5261 8¹³
644 5197 765 5282 legitur
795 5197 877 5261 haec
907 5198 1076 5283 inscriptio
1108 5199 1240 5262 saeculo
1269 5197 1387 5262 XVIII
1416 5202 1566 5262 exarata:
1604 5194 1732 5277 Collepii
1757 5193 1906 5259 Tolosoni
1928 5192 1997 5258 Soc.

345 5302 430 5365 Iesu.
454 5301 535 5366 dorio
557 5302 582 5364 I
582 5300 778 5366 ltrmtrissimi
799 5300 955 5366 Sarrsrrelis
978 5302 1016 5365 de
1034 5301 1167 5366 Fermat
1188 5300 1351 5367 Senateris
1373 5301 1409 5365 in
1425 5299 1629 5364 Parlanreuto
1653 5298 1815 5364 Totesauo.
1862 5296 1998 5360 Constat

450 5490 472 5555 ι)
491 5487 669 5556 Epitapbium
688 5487 857 5543 Sinnondus.
962 5490 985 5556 a)
1004 5488 1133 5543 Inlustris
1151 5488 1322 5544 Sirmoudus.
1426 5492 1449 5555 ³)
1467 5487 1576 5542 mutue
1594 5485 1764 5541 Sirmoudus.
1870 5485 1893 5550 ⁴)
1910 5482 2000 5537 saeclis

346 5574 518 5631 Sirmoudus.
621 5578 644 5641 a)
667 5575 752 5629 usboli
773 5574 897 5641 resmidr't
921 5574 1091 5629 Sirmoudus.
1196 5577 1219 5640 s)
1237 5574 1303 5628 <tuns
1321 5574 1497 5638 Sirmoudus;
1523 5576 1552 5628 ct
1573 5575 1604 5629 ‘c'
1628 5572 1725 5627 littera
1748 5570 1778 5625 in
1799 5568 1999 5637 codicemque

346 5662 416 5717 adeo
435 5659 559 5726 ernnust,
579 5662 611 5714 ut
628 5660 710 5715 facile
728 5661 839 5715 dubites
856 5663 951 5715 utrum
970 5662 1050 5716 ‘cum'
1068 5678 1104 5715 an
1124 5660 1207 5714 ‘dum'
1227 5660 1313 5730 legas.
