4462 6216
283 293 345 355 370

412 461 598 528 SIDONII
615 460 962 529 EPISTULARUM

987 287 1069 343 Loci
1088 287 1229 343 SIMILFS

282 567 333 621 VII
346 569 410 631 ab:
429 564 581 620 terminus.
594 606 600 619 .
611 606 617 619 .
628 564 694 634 poni
705 606 711 618 .
722 605 728 618 .
740 607 745 619 .
756 580 813 618 non
825 563 951 632 potuerit
963 562 1085 618 caritati.
1138 562 1234 616 theat.
1249 564 1327 627 raa:
1346 562 1428 617 finem
1447 564 1480 617 ut
1497 562 1584 617 amori
1601 563 1711 618 nullum
1724 578 1818 631 neque
1831 560 1955 617 modum

282 738 407 802 Vnae:
426 735 477 792 sub
495 735 631 790 vanitatis
649 734 765 789 invidia.
792 736 824 800 cf.
841 736 915 799 lae.

1172 650 1230 704 stat
1282 689 1288 702 .

282 841 335 896 VH
344 841 406 904 bd:
425 841 458 893 ut
476 842 506 894 et
523 838 601 893 dives
619 839 666 893 hic
684 854 808 907 purpura
825 838 964 907 byssoque
978 837 1086 891 veletur
1138 836 1229 890 arcas
1249 836 1313 890 XVI
1327 838 1425 903 lam:
1445 837 1527 891 homo
1550 835 1664 905 quidam
1689 839 1751 892 erat
1776 837 1874 895 dives.
1900 840 1953 907 qui

388 929 418 980 et
430 926 550 980 Lazarus
566 925 612 980 hic
625 925 765 980 ulceribus
777 927 807 978 et
818 927 984 994 paupertate
1003 923 1085 977 seria·

386 1016 441 1067 tur.

363 1133 369 1167 :
389 1117 422 1168 ut
434 1155 440 1169 .
451 1154 458 1169 .
470 1158 476 1170 .
488 1115 597 1168 Pharao
610 1112 724 1167 incedat
735 1130 797 1165 cum
812 1111 979 1175 diademate,
998 1111 1085 1165 lsrae-

390 1199 445 1253 lita
462 1217 524 1254 cum
543 1197 672 1268 cophino.

367 1579 373 1613 :
393 1558 459 1612 dum
478 1558 507 1612 in
526 1558 578 1612 hac
596 1557 733 1628 figuratae
752 1557 904 1625 Babylonis
915 1558 1027 1612 fornace
1040 1558 1086 1611 dc·

391 1661 544 1713 coquimur.

366 1768 373 1802 :
392 1764 454 1802 cum
467 1746 585 1801 Ieremia
598 1745 753 1815 spiritalem
767 1746 917 1800 Ierusalem
930 1744 1086 1814 suspiriosis

393 1835 560 1904 plangamus
578 1830 742 1887 ululatibus.

287 1937 412 2000 vllaa:
431 1935 571 1990 desolatis.
600 1935 635 2000 cf.
652 1935 694 1988 HI
707 1935 756 1991 1.4.

285 2023 339 2078 VH
349 2023 411 2087 6,9;
430 2022 517 2076 altius
534 2021 674 2090 inspicite.
700 2020 733 2085 ef.
750 2019 790 2073 IV
802 2022 853 2083 ar.

286 2109 338 2163 VII
349 2108 390 2171 7,1
404 2128 410 2161 :
429 2108 623 2178 nugigerulus.

286 2194 338 2249 VH
350 2196 412 2258 ἰιι
432 2196 626 2255 Arvernorum,
650 2208 700 2261 pro
720 2191 806 2255 dolor,
831 2190 958 2257 servitus,
983 2190 1040 2260 qni,
1065 2191 1088 2245 si

389 2279 481 2349 prisca
499 2278 709 2347 replicarentur,
734 2276 878 2331 audebant
900 2275 1087 2344 sequendam

390 2364 490 2419 fratres
512 2363 594 2418 Latio
618 2363 710 2417 dicere
734 2366 763 2417 et
785 2362 923 2433 sanguine
947 2362 983 2416 ab
1003 2361 1088 2416 Iliaco

391 2450 510 2521 populos
527 2450 696 2518 computare.
724 2448 759 2514 cf.
778 2465 801 2503 c.
812 2448 865 2502 VH
879 2449 928 2503 139
936 2464 973 2516 sq.

366 2555 373 2590 ι
392 2535 559 2591 Seronatum
574 2534 699 2589 barbaris
712 2534 869 2605 provincias
882 2533 1087 2604 propinantem.

287 2707 411 2773 Vnae:
430 2709 537 2762 statum
555 2704 778 2761 concordiae
798 2705 922 2761 incidite.
949 2705 981 2771 cs.
1000 2706 1026 2759 11
1039 2705 1086 2767 1‚4.

287 2794 340 2848 Vll
351 2794 412 2858 7,6ε
430 2811 482 2848 nec
500 2792 639 2862 imputate
656 2792 853 2847 maerentibus.
879 2793 912 2858 cf.
924 2792 1009 2855 V¹1‚l.

287 2878 339 2935 VH
348 2880 410 2944 83:
430 2882 496 2935 sunt
574 2877 812 2948 piraepedimeuto.
839 2879 871 2945 cf.
889 2878 929 2932 IV
938 2878 989 2939 24.

286 3051 410 3115 Vnae:
430 3049 638 3105 exactissimum
658 3048 759 3104 virum.

286 3135 410 3201 v119‚‘2:
429 3135 602 3191 scintillasve
619 3133 867 3192 controversalium
891 3134 1087 3189 clausularum.

287 3308 339 3363 VH
349 3308 391 3372 9,4
404 3327 411 3361 ι
430 3307 583 3377 plurimum
601 3324 698 3362 vereor
715 3324 750 3362 ne
762 3306 817 3376 ipsi
830 3307 951 3376 amplius
964 3307 1087 3371 lectioni,

388 3411 460 3462 quae
478 3393 531 3449 hoc
549 3394 584 3448 de
602 3411 630 3449 se
649 3393 763 3464 probat,
787 3409 871 3461 quani
894 3392 964 3448 mihi
982 3393 1087 3449 credas.

287 3565 340 3621 VH
349 3566 392 3631 9,9
407 3585 413 3618 :
432 3565 637 3635 praerogativa.
664 3567 695 3631 cf.
713 3565 785 3631 112.

365 3670 372 3705 ι
391 3667 473 3706 aures
551 3669 675 3706 murmur
692 3650 845 3706 everberat.
872 3652 905 3717 cs.
924 3652 1001 3718 lae.

286 3908 427 3972 Vllall:
447 3906 583 3961 bonarum
601 3906 724 3975 partium
742 3924 839 3963 mores.
865 3908 899 3975 cf.
916 3908 943 3963 11
955 3908 1006 3976 4‚3.

286 3994 338 4049 VH
349 3995 429 4059 ala:
448 3993 496 4047 diu
514 3991 609 4061 potius
626 4011 711 4061 quam
728 3993 800 4048 benc
819 3993 919 4049 vivore.

287 4081 427 4145 V11a13:
448 4079 499 4133 hoc
518 4078 607 4133 solum
625 4083 727 4134 astruo.

365 4185 371 4219 :
390 4182 453 4220 cum
471 4165 580 4219 nullum
599 4166 737 4235 proferam
749 4165 943 4235 nuncupatim,
961 4165 1010 4219 ille
1023 4182 1088 4219 con·

391 4252 486 4307 fitetur
504 4253 653 4321 repulsam,
670 4251 719 4321 qui
740 4252 887 4322 profitetur
905 4252 1046 4307 oileusanr.

285 4426 430 4489 vllam:
453 4424 521 4480 deus
545 4426 648 4487 noster,
675 4424 723 4494 qui
748 4424 823 4479 Petri
852 4441 918 4479 voce
943 4423 1089 4479 damnavit

389 4512 418 4566 in
446 4510 559 4566 Simone
585 4528 669 4580 mago
696 4528 745 4566 cur
775 4510 938 4579 opinaretur
966 4511 1088 4579 gratiam

388 4596 594 4652 benedictionis
613 4597 704 4667 pretio
723 4613 783 4652 sese
802 4613 881 4666 posse
899 4595 1024 4652 mercari.

285 4768 338 4824 VH
352 4769 437 4834 ali:
459 4769 483 4822 si
514 4768 658 4823 natalibus
690 4768 827 4823 servanda
853 4769 1010 4823 reverentia
1036 4772 1087 4835 est,

388 4853 457 4923 qnia
487 4856 517 4907 et
547 4854 598 4908 hos
627 4871 684 4908 non
713 4853 883 4908 omittendos
913 4854 1088 4923 evangelista

390 4938 558 4992 monstravit
568 4941 644 5006 (nam
654 4938 742 4992 bacas
751 4939 943 4994 laudationem
955 4940 1087 4994 Iohannis

389 5024 1087 5096 aggressuspraestantissimumcomputavit,quod

390 5109 425 5162 de
450 5109 615 5165 sacerdotali
643 5110 731 5181 stirpe
756 5111 901 5175 veniebat,
931 5116 960 5167 et
984 5112 1087 5167 nobili·

391 5197 479 5249 tatem
497 5197 573 5253 vitae
591 5199 802 5269 praedicaturus
825 5199 904 5270 prius
927 5202 1021 5255 tamen
1040 5218 1086 5255 ex-

392 5280 461 5336 tulit
478 5281 603 5341 familiae
620 5285 809 5356 dignitatem).

286 5367 339 5422 Vll
348 5369 432 5431 9‚18:
456 5367 607 5427 efficaciam
631 5372 666 5426 dc
696 5371 854 5437 iuventute,
884 5371 919 5425 dc
943 5375 1086 5428 senectute

389 5452 543 5511 consilinm.
570 5458 603 5523 cs.
621 5458 722 5522 mal.

287 5538 338 5595 VH
347 5540 427 5605 9,19;
446 5537 521 5594 domi
539 5542 640 5597 habuit
657 5543 731 5600 undo
748 5542 868 5599 disceret
885 5565 918 5591 =

1172 921 1343 976 induebatur
1361 939 1486 992 purpura
1503 924 1533 976 et
1546 923 1628 992 bysso
1641 965 1647 977 .
1660 963 1683 978 ..
1703 924 1739 977 Et
1751 926 1814 977 erat
1827 923 1953 992 qnidam

1172 1008 1314 1062 mendicus
1333 1008 1446 1062 nomine
1464 1008 1585 1063 hanania
1602 1050 1608 1064 .
1623 1052 1629 1063 .
1645 1048 1652 1062 .
1671 1008 1815 1064 ulceribus
1835 1010 1953 1080 plenus.

1139 1110 1231 1165 Gaia.
1244 1110 1343 1179 Idapp
1371 1111 1471 1166 Proba
1483 1112 1607 1179 toalea:
1627 1128 1690 1166 cum
1708 1113 1800 1169 exiret
1818 1114 1858 1168 de
1871 1117 1953 1169 terra

1174 1196 1296 1265 Aegypti
1382 1196 1500 1251 divertit
1521 1197 1563 1251 ab'
1580 1197 1711 1251 oneribus
1733 1197 1849 1255 dorsum
1869 1201 1951 1256 eins:

1172 1298 1270 1336 uranus
1283 1282 1342 1337 eius
1356 1282 1385 1335 in
1398 1283 1519 1353 cophino
1532 1283 1695 1338 servierunt.
1718 1284 1752 1350 cf.
1766 1285 1828 1339 Iac.
1843 1288 1952 1342 11114:

1172 1368 1296 1433 ludaeis,
1320 1386 1437 1437 quorum
1463 1368 1599 1439 cophinus
1616 1371 1787 1439 faenumque
1806 1374 1952 1442 supellex.

1173 1452 1209 1507 Vl
1223 1455 1340 1522 masa:
1360 1455 1481 1525 cophino
1505 1456 1642 1524 faenoque
1664 1455 1764 1511 relicto
1784 1498 1807 1512 ..
1830 1459 1952 1515 Iudaea.

1138 1556 1249 1611 Dua-iel.
1266 1557 1305 1611 lII
1317 1558 1397 1625 20eq.
1412 1577 1418 1611 :
1437 1561 1470 1613 ut
1483 1600 1488 1612 .
1500 1599 1507 1612 .
1518 1601 1524 1612 .
1537 1558 1684 1614 mitterent
1695 1576 1742 1614 eos
1757 1560 1788 1615 in
1800 1562 1952 1617 fornacem

1172 1642 1247 1711 ignis
1266 1642 1390 1697 ardentis
1407 1659 1522 1711 consp

1139 1746 1265 1800 Ieranioe
1284 1746 1407 1801 Manat.
1425 1746 1487 1813 laq.

1139 2019 1213 2073 Plio.
1225 2019 1249 2072 V
1261 2021 1319 2084 14‚5
1333 2039 1339 2073 r
1358 2020 1494 2075 altissime
1511 2020 1629 2090 inspexi.

1140 2106 1233 2159 Plaat.
1251 2107 1345 2160 Arelal.
1364 2107 1402 2161 lll
1415 2108 1471 2170 5‚51
1488 2127 1494 2159 :
1514 2106 1695 2176 nugigerulis.

1140 2191 1261 2245 *aare
1274 2194 1286 2246 1
1299 2192 1395 2260 aava
1409 2211 1415 2246 :
1435 2193 1607 2261 Arvernique
1624 2193 1684 2247 rausi
1699 2193 1825 2249 Latinae
1840 2196 1952 2266 fingere

1175 2278 1283 2344 l'mtres,
1301 2279 1438 2348 sanguine
1456 2280 1491 2333 ab
1511 2281 1596 2335 lliaco
1615 2278 1722 2349 populi.

1140 2706 1207 2760 Hor.
1226 2723 1263 2774 cp.
1282 2708 1403 2771 llaec:
1423 2707 1545 2763 incidere
1565 2708 1669 2763 ludum.
1706 2708 1795 2763 Seuer.
1814 2727 1857 2779 ep.
1881 2712 1951 2771 lm.

1139 2877 1229 2931 Plorat.
1245 2876 1326 2931 Pecs.
1338 2879 1377 2932 111
1386 2879 1466 2942 ⁶2:28:
1484 2896 1519 2933 nc
1537 2878 1666 2934 fallaciae
1677 2881 1949 2950 praepedimentum

1174 2963 1321 3018 obiciatur.

1140 3049 1212 3103 Ptin.
1224 3049 1289 3104 Vlll
1299 3050 1378 3113 23‚b:
1398 3050 1574 3106 exactissimo
1592 3051 1660 3106 viro.

1141 3135 1358 3206 sparsavne:
1384 3135 1538 3191 scintillare
1568 3137 1744 3194 acuminibus
1768 3142 1859 3208 atque
1884 3158 1950 3195 sen·

1174 3221 1272 3275 tentiis
1290 3221 1424 3291 epistulas
1443 3226 1506 3277 tuas
1523 3223 1641 3292 gaudeo.

1139 3306 1206 3361 Stra
1226 3308 1281 3361 silc.
1299 3308 1413 3376 Iprucs.
1434 3327 1440 3360 :
1464 3308 1550 3364 timeo
1575 3327 1611 3364 ne
1632 3327 1729 3365 verum
1752 3310 1826 3366 istuc
1848 3328 1949 3367 versus

1174 3411 1285 3462 qnoque
1305 3393 1359 3463 ipsi
1377 3394 1412 3447 dc
1430 3411 1459 3448 se
1476 3395 1604 3463 probent

1139 3480 1175 3546 cs.
1192 3480 1298 3535 Aaron.
1312 3480 1343 3534 E
1359 3479 1424 3535 XXI
1437 3480 1503 3544 130.
1530 3481 1595 3536 XVI
1608 3483 1657 3546 1,9.

1140 3652 1233 3707 Pium.
1252 3651 1347 3720 Arapb.
1366 3652 1486 3716 llari:
1506 3669 1559 3707 vox
1578 3670 1659 3709 aures
1737 3654 1878 3709 verberat

1140 3738 1248 3793 Meos.
1258 3738 1310 3792 VH
1319 3741 1361 3795 25.
1390 3739 1497 3794 Arctoa.
1510 3739 1542 3793 E
1557 3739 1608 3794 XV
1617 3742 1671 3796 ⁶28:
1688 3756 1825 3810 auresque
1852 3758 1948 3798 sernro

1173 3824 1307 3880 verberet.

1139 3996 1231 4051 Plora.
1245 3996 1319 4052 ilia.
1333 3998 1414 4064 lati
1426 3997 1481 4063 (65)
1492 4016 1498 4049 :
1511 3999 1545 4052 nt
1557 3997 1605 4052 diu
1617 3997 1730 4063 vivitur,
1742 3998 1814 4053 bene
1826 3999 1949 4057 vivitur.

1139 4083 1211 4137 Plia.
1226 4084 1263 4136 lx
1272 4083 1367 4147 aaa:
1383 4083 1520 4137 adstruas.
1545 4084 1586 4137 111
1595 4086 1653 4149 25:
1665 4083 1774 4153 aliquid
1787 4084 1948 4143 adstruere.

1141 4167 1193 4223 Oia
1211 4169 1242 4222 de
1259 4170 1320 4237 inp).
1339 4168 1388 4223 Ga.
1408 4170 1501 4237 Pupp).
1521 4170 1622 4234 1337:
1647 4169 1760 4224 nomino
1786 4171 1948 4231 neminemr

1175 4272 1261 4324 quare
1279 4254 1360 4308 irasci
1379 4252 1449 4307 mihi
1473 4272 1554 4309 nemo
1579 4255 1696 4326 poterit,
1721 4254 1776 4310 nisi
1799 4255 1851 4324 qni
1875 4260 1948 4313 ante

1175 4341 1210 4395 dc
1228 4359 1257 4395 sc
1274 4339 1397 4395 voluerit
1415 4341 1548 4395 confiteri.

1141 4428 1200 4482 Act.
1218 4433 1302 4496 (epact.
1313 4428 1378 4482 VlH
1391 4428 1489 4495 lbop:
1507 4428 1607 4482 Petrus
1624 4430 1718 4482 autem
1737 4428 1812 4482 dixit
1827 4429 1866 4482 nd
1880 4447 1947 4484 eum

1176 4514 1243 4582 (scil.
1259 4513 1400 4567 Simonem
1420 4516 1563 4583 magumlz
1582 4513 1705 4569 Pecunia
1723 4517 1773 4569 tua
1791 4517 1889 4571 tecum
1907 4517 1949 4571 sit

1175 4599 1204 4653 in
1219 4599 1424 4668 perditionem:
1444 4601 1576 4670 quoniam
1589 4600 1693 4655 donum
1705 4600 1756 4656 Dei
1771 4601 1947 4658 existimasti

1176 4685 1295 4755 pecunia
1313 4686 1457 4756 possideri.

1140 4943 1248 4998 *Lacca
1267 4945 1315 4998 la.

1138 5546 1260 5601 *Terent
1282 5547 1390 5616 Adelph.
1408 5548 1449 5602 ΙΙΙ
1461 5550 1521 5611 3,59
1530 5551 1613 5615 (413).
