4462 6216
380 345 439 406 104
1025 335 1162 392 SIDONII
1179 335 1438 391 EPISTULARUM

343 494 520 599 'pavenda
542 512 757 577 mansuetudo
782 531 966 576 cervorum:
996 531 1070 575 cum
1099 517 1135 575 tu
1162 512 1249 576 inter
1274 511 1339 576 ista
1365 510 1513 576 discessu
1542 511 1721 597 primorum
1749 511 2024 597 populariumque

374 622 461 681 statu
483 615 574 681 urbis
598 617 765 681 exinanito
789 615 830 680 ad
853 636 938 679 nova
960 616 1048 680 celer
1062 621 1211 680 vetemm
1226 615 1443 680 Ninivitarum
1460 614 1613 700 exempla
1628 612 1812 694 decurristi,
1836 636 1877 679 nc
1893 614 2025 679 divinae

320 722 339 781 t
372 718 583 785 admonitioni
606 725 664 784 tua
685 740 814 805 quoque
837 718 1022 805 desperatio
1040 719 1288 783 conviciaretur.
1327 725 1360 782 et
1376 739 1453 783 vere
1475 719 1540 783 ianr
1556 717 1597 782 de
1613 717 1675 783 deo
1690 724 1727 782 tu
1742 719 1874 783 minime
1890 724 2023 805 poteras

373 822 500 908 absque
533 831 668 911 peccato
697 829 771 910 post
797 824 953 887 virtutum
980 822 1208 907 experimenta
1235 821 1394 888 diffidere.
1439 842 1514 887 nam
1538 843 1611 886 cunr
1640 822 1712 887 vice
1736 820 1876 908 quadam
1907 822 2024 887 civitas

370 927 571 1012 conflagrare
595 928 768 1013 coepisset,
790 926 871 991 fides
894 933 950 991 tua
972 925 1005 989 in
1029 925 1087 990 illo
1110 924 1225 991 ardore
1248 928 1323 1013 plus
1347 926 1462 999 caluit;
1485 932 1608 990 etcum
1630 926 1663 991 in
1680 932 1861 1013 conspectu
1883 925 2023 1013 pavidae
2062 940 2074 976 ⁵

370 1029 476 1115 plebis
499 1031 630 1096 obiectu
656 1032 725 1096 solo
750 1031 894 1116 corporis
922 1031 969 1094 tui
996 1030 1080 1115 ignis
1102 1051 1255 1095 recussus
1282 1031 1315 1094 in
1338 1036 1467 1115 tergum
1491 1029 1637 1114 fugitivis
1659 1028 1802 1094 flexibus
1826 1028 2023 1110 sinuaretur,

370 1133 527 1198 miraculo
551 1134 689 1199 terribili
716 1155 800 1198 novo
824 1134 991 1198 invisitato
1021 1134 1114 1198 affuit
1141 1135 1289 1199 flammae
1319 1132 1437 1199 cedere
1466 1153 1525 1218 per
1553 1133 1788 1213 reverentiam,
1819 1134 1870 1198 cui
1899 1135 2023 1198 sentire

317 1241 337 1300 5
370 1236 474 1303 defuit
497 1261 555 1325 per
577 1246 737 1306 naturam.
790 1240 889 1324 igitur
920 1239 1058 1324 primum
1086 1238 1190 1302 nostri
1218 1237 1341 1303 ordinis
1372 1238 1450 1303 viris
1481 1242 1514 1301 et
1541 1236 1592 1301 his
1621 1237 1734 1323 paucis
1762 1236 1878 1301 indicis
1900 1236 2023 1302 ieiunia

367 1341 535 1406 interdicis
559 1344 697 1429 flagitia,
721 1343 881 1430 supplicia
904 1342 1067 1428 praedicis
1090 1341 1237 1407 remedia
1259 1341 1435 1429 promittis;
1459 1341 1596 1426 exponis
1620 1339 1770 1404 omnibus
1793 1360 1855 1405 nec
1877 1362 2019 1427 poenam

369 1444 579 1531 longinquam
602 1466 675 1512 esse
699 1467 758 1512 nec
774 1448 919 1522 vaniam;
942 1446 1042 1511 doces
1058 1445 1270 1512 denuntiatae
1294 1444 1478 1510 solitudinis
1501 1445 1606 1509 minas
1630 1444 1812 1508 orationum
1836 1443 2021 1530 frequentia
2049 1461 2075 1498 ¹⁰
2176 1515 2177 1520 γ

368 1569 443 1613 csse
466 1549 681 1626 amoliendas3
717 1571 829 1615 mones
864 1549 1090 1615 assiduitatem
1122 1549 1260 1615 furentis
1291 1548 1432 1614 incendii
1461 1569 1546 1633 aqua
1579 1547 1689 1632 potius
1722 1547 1890 1613 oculorum
1925 1569 2022 1633 quam

365 1651 531 1717 fluminum
555 1674 653 1740 posse
676 1654 851 1738 restingui;
874 1673 987 1718 mones
1010 1653 1171 1718 minacem
1194 1659 1303 1718 terrac
1326 1657 1471 1717 motuum
1496 1650 1770 1716 conflictationem
1793 1650 1870 1716 fidei
1894 1651 2021 1716 stabili-

315 1756 334 1816 6
369 1759 437 1820 tate
459 1754 662 1823 firmandam.
708 1758 800 1822 cuius
824 1757 994 1822 confestim
1025 1777 1152 1841 sequax
1173 1755 1306 1820 humilis
1330 1754 1425 1819 turba
1449 1755 1576 1819 consilii
1599 1754 1774 1819 maioribus
1797 1776 1927 1840 quoquc
1952 1757 2020 1820 suis

365 1857 428 1923 fuit
450 1859 678 1939 incitamento,
707 1881 788 1945 quos
818 1881 892 1925 cum
921 1881 987 1925 non
1010 1860 1172 1946 piguisset
1194 1860 1325 1946 fugere,
1356 1857 1463 1923 redire
1487 1878 1551 1922 non
1574 1856 1701 1942 puduit.
1750 1879 1815 1944 qua
1845 1858 2020 1924 devotione

366 1962 514 2047 placatus
536 1964 703 2051 inspector
725 1971 893 2052 pectorum
916 1963 997 2028 deus
1020 1963 1100 2029 fecit
1122 1985 1196 2029 esse
1213 1963 1473 2029 obsecrationem
1490 1967 1632 2027 vestram
1647 1961 1741 2025 vobis
1764 1962 1873 2041 saluti,
1898 1963 2019 2027 ceteris
2047 1978 2072 2015 ¹⁵

366 2065 553 2148 imitationi,
584 2068 731 2154 utrisque
754 2067 929 2153 praesidio.
984 2067 1125 2153 denique
1154 2068 1220 2132 illic
1248 2067 1403 2154 deinceps
1425 2087 1488 2131 nou
1511 2065 1603 2131 fuere
1628 2066 1681 2130 vel
1702 2063 1822 2129 damna
1846 2066 2024 2131 calamitati

364 2169 416 2233 vel
441 2177 571 2235 ostenta
592 2170 767 2238 formidini.
818 2193 902 2258 quae
932 2171 1040 2235 omnia
1071 2171 1179 2237 sciens
1202 2172 1340 2259 populus
1362 2172 1424 2236 iste
1446 2168 1692 2236 Viennensibus
1715 2171 1779 2233 tuis
1802 2176 1836 2234 et
1858 2169 2021 2236 accidisse

364 2273 454 2358 prius
478 2279 512 2337 et
532 2294 596 2337 non
621 2275 802 2340 accessisse
830 2275 996 2360 posterius
1019 2274 1159 2359 vestigia
1184 2280 1251 2338 tam
1280 2279 1507 2339 sacrosanctae
1536 2272 1773 2338 informationis
1801 2272 2017 2358 amplectitur,

366 2373 480 2440 sedulo
503 2383 630 2461 petens,
654 2384 690 2441 ut
713 2378 934 2442 conscientiae
958 2383 1035 2440 tuac
1058 2375 1226 2441 beatitudo
1250 2378 1358 2441 mittat
1381 2377 1562 2441 orationum
1578 2398 1708 2441 suarum
1728 2377 1885 2461 suffragia
1901 2366 2019 2460 quibus

317 2479 335 2539 7
369 2480 523 2566 exempla
545 2481 731 2546 transmisit.
777 2487 811 2546 et
833 2481 910 2565 quia
937 2479 997 2544 tibi
1025 2480 1085 2544 soli
1114 2500 1271 2545 concessa
1301 2486 1352 2545 est
1381 2486 1456 2566 post
1485 2501 1619 2544 avorum
1646 2480 1836 2544 memoriam
1860 2481 1913 2544 vel
1941 2501 2018 2544 con·
2045 2495 2072 2532 ‘2⁰

367 2580 528 2648 fessorem
546 2583 768 2665 Ambrosium,
791 2583 929 2648 duomm
952 2591 1129 2669 martyrum
1155 2590 1366 2672 repertorem,
1390 2586 1423 2648 in
1446 2584 1594 2672 partibus
1609 2583 1698 2647 orbis
1715 2582 1842 2648 occidui
1865 2584 2017 2669 martyris

364 2683 510 2751 Ferreoli
534 2686 640 2752 solida
662 2687 831 2752 translatio
857 2686 985 2752 adiecto
1008 2689 1112 2752 nostri
1136 2688 1242 2773 capite
1266 2689 1396 2769 Iuliani,
1421 2687 1506 2774 quod
1530 2687 1625 2752 istinc
1648 2687 1838 2751 turbulento
1855 2686 2016 2771 quondam

364 2791 567 2873 persecutori
590 2812 706 2856 manus
729 2792 855 2856 rettulit
878 2797 1013 2856 cruenta
1035 2791 1206 2871 carnificis,
1230 2813 1295 2856 non
1317 2793 1470 2857 iniurium
1487 2799 1548 2871 est,
1572 2790 1659 2876 quod
1674 2811 1732 2877 pro
1750 2791 2017 2877 compensatione

365 2889 589 2979 deposcimus,
612 2902 649 2959 ut
672 2895 764 2959 nobis
788 2893 864 2959 inde
888 2892 998 2959 veniat
1020 2915 1096 2983 pars
1119 2896 1306 2981 patrocinii,
1329 2897 1405 2981 quia
1427 2894 1522 2959 vobis
1553 2895 1626 2959 hinc
1649 2893 1746 2958 rediit
1776 2915 1852 2979 pars
1880 2895 2017 2980 patroni.

363 3014 490 3061 mernor
514 2999 615 3062 nostri
640 3020 714 3063 esse
737 2998 885 3083 dignare,
909 2998 1039 3063 dominc
1063 3019 1159 3086 papa.
2044 3010 2069 3050 ²⁵

1166 3341 1211 3409 II.

673 3495 886 3562 SIDONIUS
909 3494 1086 3562 DOMINO
1109 3495 1258 3562 PAPAE
1283 3496 1466 3563 GRAECO
1491 3493 1713 3562 SALUTEM.

312 3636 326 3695 ¹
469 3612 622 3723 Οιειιιε,
646 3645 961 3709 consummatissime
977 3644 1178 3731 pontificum,
1201 3645 1432 3711 verecundiam
1448 3666 1566 3726 meam,
1589 3642 1767 3708 multifaria
1789 3639 1886 3705 laude
1902 3660 2016 3706 cumu-

360 3746 457 3811 lando
481 3748 508 3811 si
532 3747 609 3833 quid
632 3748 706 3812 stilo
737 3750 913 3814 rusticante
941 3769 1149 3834 peraravero.
1205 3755 1304 3835 atque
1332 3751 1457 3815 utinam
1484 3754 1578 3814 reatu
1605 3753 1733 3828 careat,
1768 3744 1854 3830 quod
1885 3744 2018 3829 apicum·

359 3850 501 3935 primore
533 3873 712 3937 congressu
749 3872 944 3938 quamquam
979 3852 1243 3939 circumscriptus
1275 3854 1403 3918 veritati
1438 3852 1633 3918 resultantia
1666 3858 1776 3916 tamen
1816 3854 1850 3912 et
1884 3847 2015 3913 diversa

361 3955 516 4030 conexui3
541 3956 744 4040 ignorantiae
768 3955 928 4041 siquidem
950 3976 1044 4021 meae
1068 3955 1206 4021 callidus
1221 3957 1328 4021 viator
1349 3958 1516 4048 imposuit.
1560 3976 1635 4020 nam
1659 3954 1735 4018 dum
1759 3953 1865 4017 solum
1886 3972 2013 4017 merca·
2041 3965 2068 4003 ³⁰

359 4057 438 4120 toris
460 4057 643 4144 praetendit
663 4061 822 4141 officium,
851 4061 978 4126 litteras
1007 4082 1097 4126 meas
1126 4061 1168 4125 ad
1194 4061 1354 4127 formatae
1383 4062 1505 4143 vicem,
1534 4061 1665 4126 scilicet
1681 4067 1717 4124 ut
1739 4059 1858 4138 lector,
1890 4056 2013 4137 elicuit,

357 4160 416 4225 sed
439 4182 520 4247 quas
543 4162 684 4247 aliquam
707 4166 885 4250 gratiarum
907 4167 1070 4231 actionem
1095 4169 1264 4232 continere
1288 4166 1463 4232 docuisset.
1508 4185 1666 4251 namque,
1697 4169 1733 4228 ut
1756 4168 1831 4249 post
1855 4160 2010 4244 comperi,

356 4264 430 4349 plus
452 4264 708 4332 Massiliensium
731 4269 932 4354 benignitate
955 4269 1122 4357 profectus
1145 4276 1206 4352 est,
1230 4290 1328 4355 quam
1350 4277 1455 4335 status
1479 4271 1528 4334 sui
1551 4290 1610 4334 scu
1632 4287 1692 4353 per
1714 4285 1849 4331 censum
1872 4284 1930 4327 seu
1954 4282 2014 4350 per

458 4524 475 4577 3
493 4527 643 4581 amonitioni
661 4530 694 4579 M
741 4538 803 4597 post
821 4529 963 4597 desperatio
982 4533 1012 4581 12
1030 4530 1075 4580 litt.
1093 4545 1161 4583 erac.
1180 4529 1220 4580 P·
1273 4529 1456 4582 convitiaretur
1474 4527 1502 4579 F
1585 4523 1601 4577 6
1618 4541 1737 4578 recursus
1757 4522 1780 4573 Ο
1828 4523 2012 4575 sinuarentur

354 4643 392 4711 (re
408 4654 437 4696 ut
455 4665 478 4698 ιι.
496 4664 563 4700 eros.
579 4648 629 4715 1²²)
646 4649 672 4700 P
774 4647 789 4701 7
807 4652 936 4703 invisitato
955 4652 1097 4718 Iloaptr'aa,
1113 4651 1236 4704 inusitato
1248 4650 1352 4704 MOFP
1419 4668 1496 4717 super
1514 4649 1609 4702 sentire
1625 4666 1682 4700 aar.
1701 4647 1767 4710 lect,
1784 4663 1861 4712 qrtom
1879 4645 1942 4698 add.
1954 4644 1988 4695 M
1992 4645 2011 4709 ¹,

351 4783 418 4819 cros.
437 4766 484 4817 M*
589 4765 606 4818 8
624 4769 734 4836 primum
751 4772 831 4838 igitur
851 4771 874 4822 0
940 4773 1019 4824 nostri
1041 4772 1137 4825 ordinis
1160 4774 1223 4824 viris
1247 4781 1273 4825 et
1296 4774 1336 4824 his
1359 4773 1448 4840 paucis
1471 4773 1563 4823 indicis
1580 4770 1675 4822 ieiunia
1692 4768 1720 4820 io
1736 4784 1791 4819 ros.
1809 4767 1842 4816 M
1847 4768 1857 4799 ²
1927 4776 1952 4819 et
1969 4767 2010 4818 bis

351 4889 440 4955 paucis
457 4889 537 4941 nostri
555 4890 651 4942 ordinis
669 4891 731 4943 viria
751 4892 799 4944 OF
882 4890 1059 4962 9llagicia0
1144 4890 1177 4943 10
1194 4894 1361 4946 denunciatae
1380 4893 1435 4944 Mo
1484 4892 1648 4959 frequentia·
1667 4886 1758 4953 (unam
1776 4889 1823 4940 titt.
1841 4905 1909 4940 erar.
1923 4886 2013 4953 1²²)1>

352 5006 383 5059 11
401 5025 458 5062 esse
475 5011 561 5062 ormo
663 5010 695 5064 16
713 5013 872 5065 deincebsC'
921 5013 1032 5081 dampna
1046 5013 1129 5067 MCF
1212 5012 1245 5065 18
1261 4971 1461 5067 sacrosorrctooll!
1468 5013 1475 5043 ¹
1582 5008 1614 5061 19
1632 5026 1738 5061 suamm
1757 5007 1795 5073 (iol
1812 5026 1832 5062 a.
1851 5010 1869 5061 t.
1887 5008 2009 5074 adm)

350 5130 529 5183 orationumO
629 5128 661 5182 21
680 5133 812 5186 martirum
822 5133 878 5186 Mo
941 5144 1012 5202 porte
1029 5135 1056 5187 P
1070 5144 1093 5188 et
1110 5152 1177 5189 corr.
1196 5154 1222 5190 n.
1229 5138 1256 5204 f.
1269 5153 1300 5189 aa
1318 5137 1385 5204 parti
1394 5135 1427 5185 M
1433 5135 1440 5165 ¹
1546 5132 1645 5184 occidui
1664 5130 1772 5183 orbisF
1837 5131 1947 5183 nmrtiris
1957 5089 2013 5182 Alo

349 5249 383 5303 22
400 5208 510 5318 quodam
529 5251 562 5301 M
567 5252 574 5282 ¹
679 5251 714 5306 23
731 5255 818 5307 retulit
834 5255 939 5308 MOFP
1040 5256 1075 5310 24
1094 5259 1169 5311 rediit
1186 5259 1247 5310 hinc
1258 5259 1286 5311 F
1387 5255 1422 5309 25
1439 5273 1496 5309 esse
1515 5256 1620 5323 dignare
1638 5254 1739 5306 domine
1757 5271 1822 5322 papa
1839 5271 1888 5306 om.
1906 5252 2012 5304 MCFP

349 5369 384 5423 26
402 5373 472 5439 epist.
492 5373 530 5424 II
543 5381 620 5424 totam
638 5391 686 5425 om.
705 5374 759 5425 tr
825 5376 947 5429 Sidonius
971 5378 1073 5429 domino
1090 5387 1113 5430 et
1131 5380 1238 5431 salutem
1257 5397 1306 5432 cm.
1326 5378 1354 5430 F
1454 5375 1487 5429 27
1507 5376 1671 5444 multiplraria
1688 5375 1717 5426 F
1816 5372 1851 5426 28
1868 5389 1965 5442 pavero
1983 5374 2013 5426 F

348 5502 420 5545 reatu
438 5495 535 5547 utinam
554 5495 583 5546 F
698 5495 733 5549 29
757 5516 956 5567 congressurum
977 5500 1044 5564 (rum
1062 5501 1117 5553 ind.
1137 5500 1190 5563 F¹)
1212 5502 1240 5551 F
1356 5499 1391 5552 30
1411 5517 1525 5552 corroxus
1545 5499 1581 5562 (l,
1607 5498 1719 5549 conexui
1738 5496 1766 5546 F
1850 5498 1962 5563 inposuit
1981 5497 2009 5547 F

346 5610 381 5665 32
398 5616 456 5681 qnia
476 5618 498 5665 (J
564 5575 694 5701 debuisset
712 5621 746 5670 M
750 5621 758 5652 ¹
