4462 6216
876 346 899 398 V
918 365 943 400 v.
961 347 1013 400 579
1032 376 1064 384 -
1086 347 1136 402 VH
1155 366 1180 404 v.
1201 349 1241 402 11.

599 540 660 583 nec
683 540 767 605 quae
791 519 945 585 Cadmeis
967 521 1098 606 pariens
1121 521 1264 586 Alciden
1286 523 1319 586 in
1343 522 1407 587 cris

647 610 817 710 suspendit
841 625 960 709 triplici
983 632 1079 690 necte
1103 626 1323 711 puerperium,
1347 629 1349 632 ’

596 749 656 792 nec
680 728 772 791 cuius
795 728 907 814 pluvio
932 729 1031 793 turris
1053 728 1240 793 madefacta
1262 730 1396 793 metallo
1421 736 1480 809 est,

642 854 715 897 eum
739 840 877 897 matrem
901 833 1054 918 impleret
1077 832 1163 897 lilius
1187 835 1361 919 aurigena:

540 950 563 986 1³·
591 934 648 1000 sed
671 943 715 1016 te,
739 957 811 1001 cum
836 936 998 1022 trepidum
1023 943 1190 1022 spectaret
1212 936 1333 1022 Flegra
1356 937 1550 1017 Tonantem,

644 1039 772 1125 impulit
795 1061 970 1105 excussam
993 1041 1115 1105 vertice
1140 1047 1255 1126 ruptus
1280 1062 1383 1126 apex;

596 1162 734 1226 cumque
758 1140 835 1206 deos
858 1144 947 1207 solae
970 1142 1138 1206 traherent
1162 1143 1194 1205 in
1218 1142 1344 1227 proelia
1368 1143 1464 1215 vires.

642 1246 811 1325 confusum
835 1244 930 1309 valde
954 1252 987 1309 te
1011 1244 1081 1310 sine
1105 1245 1204 1309 robur
1228 1252 1312 1310 erat:

594 1349 729 1432 protulit
752 1356 788 1413 ut
812 1370 887 1413 mox
910 1356 943 1412 tc
966 1350 1103 1433 patrius,
1129 1348 1311 1434 Sapientia,
1335 1357 1463 1425 vertex,

538 1466 564 1504 2⁰
643 1458 711 1514 tum
735 1473 830 1536 mage
854 1453 1013 1531 vicerunt,
1038 1460 1069 1516 te
1096 1473 1167 1516 eum
1193 1452 1338 1518 habuere
1361 1452 1424 1519 dei.

597 1566 628 1620 te
652 1563 785 1641 propter
808 1557 919 1633 cessit,
943 1557 1094 1621 manibus
1118 1563 1305 1621 constructa
1328 1559 1518 1639 tremendis,

643 1661 707 1723 iam
730 1681 832 1744 prope
856 1681 914 1745 per
938 1662 1070 1724 rutilum
1095 1661 1246 1725 machina
1269 1667 1364 1727 tensa
1387 1663 1508 1748 polum.

596 1763 731 1843 Pindus,
755 1763 887 1849 Othrys,
910 1765 1034 1829 Pholoe
1059 1764 1184 1830 dextris
1209 1765 1358 1830 cecidere
1383 1766 1570 1850 Gigantum,

642 1867 764 1931 decidit
787 1877 820 1932 et
842 1868 963 1932 Rhoeti
987 1870 1051 1933 iam
1074 1869 1184 1952 gravis
1209 1868 1295 1933 Ossa
1319 1891 1427 1936 manu.

539 1985 563 2022 2⁵
592 1972 747 2035 sternitur
770 1971 939 2056 Aegaeon,
962 1972 1129 2049 Briareus,
1154 1972 1309 2058 Ephialta
1334 1973 1527 2058 Mimasque,

643 2074 782 2138 Arctoas
807 2075 893 2140 sueti
918 2075 1062 2140 lambere
1086 2077 1176 2140 ealce
1200 2084 1300 2143 rotas.
1391 2080 1396 2089 '

595 2176 781 2243 Enceladus
804 2179 888 2263 patri
911 2179 1011 2243 iacuit
1032 2179 1190 2264 fratrique
1214 2180 1406 2265 Typhoeus:

643 2281 825 2352 Euboicam
848 2282 900 2345 hic
923 2304 1036 2368 rupem
1060 2284 1212 2349 sustinet.
1236 2284 1289 2347 hio
1314 2283 1489 2350 Siculam.”

596 2386 670 2450 hinc
695 2406 765 2450 sese
788 2386 830 2450 ad
853 2392 954 2450 totam
977 2388 1177 2469 genetricem
1200 2389 1365 2451 transtulit
1388 2387 1540 2475 Orpheus

540 2506 565 2540 ³⁰
644 2499 677 2555 et
700 2490 813 2555 docuit
835 2491 973 2555 chordas
998 2492 1108 2557 dicere
1132 2490 1323 2577 Calliopam.

596 2602 848 2660 assurrexerunt
870 2594 985 2660 Musae
1009 2594 1069 2659 sub
1093 2596 1188 2659 laude
1213 2597 1331 2661 sororis

643 2705 677 2763 et
699 2699 824 2784 placuit
847 2698 942 2764 divae
967 2700 1110 2764 carmine
1134 2700 1208 2784 plus
1232 2699 1348 2785 pictae.

596 2801 683 2887 quod
706 2803 734 2866 si
756 2809 921 2868 maternas
945 2801 1060 2868 laudes
1083 2809 1235 2868 cantasse
1258 2803 1361 2868 favori
1386 2811 1437 2868 est

643 2928 704 2971 nee
727 2908 822 2974 valeo
846 2909 971 2993 priscas
994 2909 1208 2993 aequiperare
1232 2907 1324 2985 fides,

540 3023 564 3058 ³³¹
595 3010 744 3094 publicus
767 3012 819 3075 hic
841 3018 936 3097 pater
959 3019 1019 3091 est,
1043 3012 1117 3074 vovi
1140 3013 1193 3076 eui
1216 3032 1356 3093 carmen,
1380 3011 1511 3077 Avitus:

643 3115 780 3179 materia
802 3122 852 3179 est
875 3117 989 3197 maior,
1014 3116 1040 3179 si
1065 3116 1145 3180 mihi
1168 3115 1264 3181 Musa
1287 3116 1402 3180 minor.

1020 3407 1097 3475 VII.

893 3562 1224 3636 PANEGYRIOUS.

645 3680 686 3772 P
688 3731 799 3793 nosen,
823 3718 997 3798 peragrato
1022 3710 1155 3775 tandem
1178 3712 1307 3776 visurus
1331 3712 1363 3775 in
1388 3711 1466 3777 orbe

597 3835 692 3899 quem
716 3815 824 3900 pessis
848 3814 994 3900 perferre
1018 3834 1142 3901 parem,
1166 3812 1208 3878 da
1230 3814 1353 3879 lumina
1376 3816 1483 3880 caelo:

597 3919 716 3982 sufficit
738 3919 791 3983 hic
815 3920 923 3984 terris.
969 3940 1089 3984 necea
1112 3919 1178 3983 iam
1202 3919 1338 4004 signifer
1360 3920 1458 3984 astris

597 4023 706 4102 iactet,
730 4021 944 4086 Marmaricus
967 4042 1065 4106 quem
1090 4022 1211 4086 vertice
1235 4023 1376 4086 conterit
1397 4022 1533 4088 Atlans:

553 4143 564 4178 ⁵
597 4127 706 4193 sidera
729 4135 805 4192 sunt
827 4128 890 4193 isti.
937 4149 1020 4213 quae
1045 4128 1131 4193 sieut
1153 4148 1261 4193 mersa
1284 4129 1460 4208 nitescunt,

595 4232 740 4297 adversis
764 4232 811 4296 sia
830 4231 937 4297 Roma
959 4233 1068 4312 micat,
1092 4232 1145 4297 cui
1167 4233 1252 4296 fixus
1276 4232 1317 4297 ab
1342 4237 1415 4296 ortu

597 4334 675 4398 ordo
698 4335 760 4399 luit
783 4335 925 4401 crevisse
950 4335 1051 4399 malis.
1091 4335 1187 4401 modo
1211 4334 1359 4420 principe
1384 4342 1498 4420 surget

596 4438 746 4513 consule;
772 4458 900 4524 nempe,
924 4443 1048 4523 patres,
1072 4439 1208 4503 collatos
1232 4459 1369 4504 cornere
1392 4438 1501 4502 fasces

597 4564 655 4606 vos
679 4542 769 4605 iuvat
792 4547 825 4605 et
849 4541 970 4606 sociam
995 4542 1134 4628 sceptris
1157 4540 1331 4606 mandasse
1355 4541 1517 4606 curulem:

541 4662 565 4697 1⁰
599 4645 732 4722 credite,
755 4644 828 4730 plus
852 4644 986 4709 dabitis:
1010 4666 1133 4709 currus.
1178 4646 1243 4710 iam
1266 4652 1362 4710 necte
1386 4645 1555 4722 bifrontes,

596 4771 716 4835 anceps
739 4747 832 4827 Iane,
856 4769 967 4812 eomas
992 4747 1178 4834 duplicique
1202 4751 1373 4833 accingere
1397 4750 1499 4813 lauro.

234 4885 549 4893 .-.-..-----....
566 4885 584 4889 ...
615 4884 644 4888 -

339 4976 368 5029 11
382 4975 543 5028 cathmeisF
591 4974 691 5026 alciden
703 4973 741 5024 0·
794 4973 949 5025 horiscodd.
1038 4970 1071 5023 12
1083 4973 1272 5039 puerperumP
1358 4971 1580 5026 ramatenses?
1665 4973 1698 5026 lb
1710 4984 1845 5028 tonantum
1855 4977 1885 5027 Μ

228 5062 260 5114 16
279 5064 456 5130 expulsarnF
559 5059 591 5112 17
609 5061 680 5113 salac
700 5059 759 5122 ΜΡ,
777 5060 880 5111 aliacC'
947 5060 1009 5111 viris
1028 5058 1077 5109 Mb
1183 5058 1362 5111 ltltcomd'
1465 5058 1496 5110 19
1514 5061 1658 5112 venethi*
1761 5060 1890 5115 ffltuM

231 5166 289 5200 cum
309 5159 334 5200 ts
352 5148 433 5199 MTP
565 5145 599 5198 23
623 5148 695 5215 pcloe
715 5146 746 5195 M
870 5144 904 5194 Ξῖ)
925 5146 1011 5197 chaltc
1028 5145 1111 5196 ΜΤΡ
1206 5147 1341 5211 minasque
1361 5147 1410 5197 oF
1541 5145 1575 5198 26
1598 5150 1653 5200 ausi
1672 5150 1712 5200 rel
1730 5150 1779 5201 nisi
1796 5152 1886 5202 malim

231 5233 264 5286 2¹1
283 5236 402 5301 tiphoeus
421 5235 452 5284 M
457 5234 508 5296 ΤΡ,
531 5235 662 5300 triphccus
682 5232 710 5295 C,
732 5232 826 5298 tyhcns
845 5231 874 5281 F
990 5229 1025 5283 ‘28
1047 5233 1162 5284 choicum
1181 5233 1231 5282 M·
1351 5230 1386 5282 29
1409 5230 1475 5298 sose]
1494 5249 1551 5284 csso
1569 5233 1602 5282 Μ
1680 5237 1826 5302 genitrim
1845 5237 1887 5287 1²·

230 5317 265 5370 30
287 5321 374 5372 ‹leotrit
391 5321 498 5381 rum)
576 5320 665 5370 erardus
684 5317 769 5382 ΜΤΟ,
793 5317 911 5369 chordias
929 5318 955 5368 P
1033 5318 1130 5370 discere
1149 5319 1178 5369 1¹¹
1298 5317 1332 5368 34
1356 5320 1533 5386 aequiperasse
1553 5320 1588 5369 0¹
1704 5318 1738 5372 35
1762 5324 1822 5373 novi
1842 5322 1888 5373 dP

230 5404 265 5457 ‘cd
284 5424 354 5458 rausa
374 5409 449 5458 michi
465 5408 503 5457 (1²
573 5407 750 5471 Sarbarriptum
768 5405 881 5470 Explicit
897 5406 1025 5472 preiaeio.
1040 5407 1136 5472 Incipit
1153 5409 1317 5474 panigcrieus
1334 5407 1361 5455 ia
1383 5408 1415 5469 t-',·
1441 5390 1532 5455 incl}
1555 5407 1781 5458 raulttuuibvs
1804 5410 1832 5459 in
1850 5408 1887 5472 P,-

233 5480 324 5543 nuuh'
353 5494 591 5544 iusrsunr1cve
613 5493 639 5540 a
664 5491 707 5543 n:
735 5492 861 5541 merem
891 5493 1111 5544 enuaaemev
1135 5494 1258 5556 (iunia.
1285 5491 1334 5553 rb)
1359 5495 1407 5542 an
1429 5478 1536 5543 aviri
1560 5493 1587 5551 r,
1613 5494 1705 5559 incipe
1727 5495 1886 5561 miraginecs

230 5581 321 5631 tertius
335 5579 363 5630 F
470 5579 565 5630 lurbc
579 5578 610 5629 M
712 5576 875 5644 ‘Apruelcrre
888 5577 921 5638 F,
942 5580 1062 5645 perilecre
1077 5580 1107 5629 Μ
1179 5597 1240 5647 parc
1257 5579 1281 5628 Τ
1385 5577 1500 5629 decutit
1513 5579 1541 5629 F
1606 5580 1690 5630 athlas
1703 5579 1741 5639 Μ,
1758 5581 1822 5631 atlas
1839 5577 1888 5645 Tb,

230 5667 331 5718 athlans
350 5665 378 5715 F
479 5656 592 5718 brircrsa
611 5667 646 5716 cic
669 5665 694 5714 Τ
796 5662 912 5730 isurgit
929 5664 962 5713 Μ
1064 5666 1205 5719 duellatos
1224 5667 1253 5717 F

1626 5782 1681 5836 26⁸
