4462 6216
941 346 1199 403 Vv.1—v.81.

537 535 563 573 ⁴⁰
596 542 674 605 ergo
695 528 732 585 ut
755 542 790 586 se
813 520 954 586 mediam
979 521 1061 585 solio
1085 520 1183 602 dedit,
1208 521 1337 586 advolat
1358 523 1462 589 omnis

594 632 682 690 terra
706 626 812 692 simul.
858 632 926 689 tum
950 645 1098 710 quaeque
1123 645 1199 689 suos
1222 626 1389 710 provincia
1410 625 1535 690 fructus
1600 615 1604 623 ’

595 729 763 814 exposuit:
787 729 851 793 fert
872 727 973 793 Indus
996 728 1088 807 ebur,
1112 727 1299 793 Chaldaeus
1323 748 1498 809 amomum,

595 832 750 918 Assyrius
775 852 933 916 gemmas,
958 830 1019 896 Ser
1041 831 1176 911 vellera,
1200 836 1273 895 tura
1296 830 1456 911 Sabaeus,

594 934 706 998 Atthis
728 933 804 1011 mel,
826 931 978 997 Phoenix
1000 931 1137 1016 palmas,
1162 931 1392 997 Lacedaemon
1415 932 1547 1012 olivum,

552 1054 563 1088 ι
598 1039 702 1103 Areas
727 1060 839 1125 equos,
863 1040 983 1126 Epirus
1008 1060 1120 1125 equas,
1143 1041 1298 1126 pecuaria
1322 1039 1446 1118 Gallus,

595 1164 686 1207 arma
709 1143 865 1229 Chalybs,
888 1144 1052 1208 frumenta
1075 1144 1187 1227 Libys,
1211 1143 1398 1230 Campanus
1419 1145 1585 1222 Iacchum,

594 1267 708 1311 aurum
732 1248 854 1332 Lydus,
878 1248 986 1312 Arabs
1010 1253 1146 1332 guttam,
1170 1242 1338 1312 Panchaia
1360 1249 1535 1333 myrrham,

594 1349 719 1413 Pontus
743 1358 903 1430 castorea,
927 1350 1063 1414 blattam
1087 1349 1204 1435 Tyrus,
1229 1372 1307 1416 aera
1331 1351 1522 1435 Corinthum

595 1451 747 1516 Sardinia
771 1462 954 1537 argentum,
977 1474 1077 1517 naves
1100 1453 1261 1539 Hispania
1284 1454 1400 1534 defert,

538 1570 549 1603 ⁵
595 1556 739 1620 fulminis
763 1564 797 1621 et
819 1557 977 1644 lapidem;
1003 1558 1154 1643 scopulos
1178 1557 1353 1621 iaculabile
1375 1558 1487 1641 fulgur

594 1660 684 1723 fucat
708 1668 741 1725 et
764 1682 937 1725 accensam
961 1661 1087 1725 silicem
1110 1660 1252 1725 fecunda
1274 1663 1404 1725 maritat

595 1766 642 1829 ira
663 1764 776 1831 deum:
800 1767 950 1851 quotiens
975 1766 1101 1830 caelum
1127 1787 1162 1829 se
1186 1774 1369 1830 commovet
1391 1767 1468 1846 illic,

596 1871 669 1954 plus
694 1870 738 1933 ibi
763 1879 851 1935 terra
875 1870 971 1935 valet.
1017 1870 1125 1934 subito
1149 1871 1230 1935 flens
1254 1869 1366 1935 Africa
1388 1871 1498 1955 nigras

593 1974 767 2058 procubuit
789 1976 934 2037 lacerata
958 1995 1061 2058 genas
1085 1983 1118 2038 et
1142 1995 1263 2038 cernua
1285 1973 1422 2038 frontem

537 2091 555 2124 ι·
595 2078 658 2140 iam
682 2078 767 2141 male
791 2076 950 2141 fecundas
974 2078 1006 2139 in
1031 2078 1154 2141 vertice
1177 2078 1276 2159 fregit
1298 2078 1416 2141 aristas

593 2201 631 2244 ac
655 2181 701 2243 sio
725 2201 799 2244 orsa
822 2181 910 2265 loqui
935 2187 1000 2243 est:
1037 2182 1143 2244 ‘venio
1167 2201 1242 2265 pars
1266 2182 1363 2245 tertia
1386 2180 1508 2251 mnndi,

595 2282 709 2347 infelix
732 2284 829 2348 felice
854 2305 928 2347 uuo.
967 2284 1089 2347 famula
1111 2290 1200 2347 satus
1224 2284 1300 2347 olim

593 2385 645 2450 hic
668 2386 790 2471 praedo
814 2394 847 2451 et
870 2386 1008 2450 dominis
1034 2387 1187 2450 extinctis
1210 2386 1350 2450 barbara
1372 2386 1493 2451 dudum

592 2497 724 2576 sceptra
747 2497 839 2555 tenet
862 2491 980 2555 tellure
1005 2512 1077 2554 mea
1102 2491 1298 2575 penitusque
1321 2491 1435 2575 fugata

542 2606 547 2616 '
593 2593 763 2657 nobilitate
787 2593 899 2657 furens
923 2593 1008 2678 quod
1032 2614 1096 2657 non
1120 2600 1257 2656 estnon
1281 2600 1369 2657 amat
1392 2594 1521 2680 hospes.

593 2718 611 2759 o
636 2696 723 2760 Latii
748 2698 852 2781 sopite
875 2698 979 2782 vigor,
1005 2704 1061 2760 tua
1084 2698 1211 2762 moenia
1234 2697 1319 2762 ridet

593 2800 719 2864 insidiis
744 2802 884 2865 cessisse
908 2802 991 2865 suis:
1016 2823 1081 2865 non
1105 2802 1252 2865 concutis
1276 2802 1422 2866 hastam?

592 2926 656 2968 non
680 2926 738 2990 pro
762 2925 814 2968 me
838 2906 890 2967 vol
914 2912 1009 2989 capta
1032 2904 1144 2968 doles?
1168 2912 1225 2969 tua
1248 2926 1364 2991 nempe
1388 2913 1545 2990 putantur

595 3029 730 3093 surgere
754 3008 822 3072 fata
844 3008 938 3072 malis
962 3016 995 3072 et
1019 3009 1136 3073 celsior
1159 3029 1232 3072 esso
1257 3010 1360 3074 ruina.
1471 3069 1478 3082 ,

541 3126 553 3159 ··
595 3111 652 3176 sed
675 3112 804 3188 melius,
828 3111 914 3196 quod
938 3120 1044 3176 terror
1066 3112 1147 3176 abit:
1172 3113 1235 3176 iam
1259 3113 1390 3178 vincere
1414 3120 1527 3189 restat,

593 3216 618 3278 si
643 3236 782 3301 pugnas,
805 3222 841 3279 ut
864 3215 952 3279 victa
975 3216 1072 3281 soles.
1117 3216 1286 3280 Porsenna
1310 3216 1486 3301 superbum

593 3318 804 3405 Tarquinium
828 3321 1000 3405 inpingens
1023 3321 1198 3405 complevit
1221 3321 1323 3385 milite
1346 3319 1454 3384 Tusco

592 3422 774 3487 Ianiculum
797 3422 974 3508 quondam3
998 3423 1056 3488 sed
1082 3423 1157 3488 dum
1180 3445 1391 3510 perrumpere
1414 3430 1525 3509 portas

593 3526 761 3591 obsidione
784 3534 887 3612 parat,
912 3533 1011 3590 totam
1035 3535 1068 3591 te
1090 3529 1226 3614 pertulit
1248 3549 1312 3592 uno

536 3644 560 3680 ³⁰
594 3628 730 3694 Coclitis
754 3631 786 3694 in
811 3631 933 3716 elipeo;
957 3639 1150 3716 presserunt
1172 3632 1261 3696 milia
1284 3631 1389 3695 solum

591 3733 694 3797 multa
718 3732 822 3795 virum
846 3732 1012 3817 pendente
1035 3735 1105 3809 via:
1129 3755 1190 3798 nec
1215 3740 1313 3820 ponte
1337 3735 1454 3811 soluto,

592 3857 665 3901 cum
691 3835 835 3914 caderet,
860 3835 987 3901 cecidit.
1032 3858 1090 3902 rex
1116 3837 1203 3902 idem
1226 3836 1367 3922 denique
1390 3841 1496 3900 morto

591 3937 776 4002 admonitus
801 3937 930 4003 scribae
954 3937 1067 4002 didicit
1090 3940 1150 4003 sibi
1175 3939 1262 4003 bella
1283 3939 1408 4004 moveri

590 4062 654 4104 uon
678 4042 783 4105 solum
808 4063 880 4105 cum
904 4041 993 4106 bella
1015 4042 1139 4117 forent;
1164 4065 1241 4107 mox
1264 4064 1345 4129 paee
1368 4044 1472 4129 petita

536 4159 560 4195 ³³»
593 4146 625 4207 in
648 4166 786 4229 regnum
811 4144 919 4215 rediit,
943 4166 1008 4210 non
1032 4152 1099 4209 tam
1122 4145 1260 4211 feriente
1283 4145 1415 4230 fugatus

592 4270 689 4333 quam
712 4249 872 4334 flagrante
895 4250 976 4315 viro.
1023 4257 1160 4315 steterat
1184 4271 1259 4314 narn
1283 4248 1380 4314 corde
1403 4250 1515 4334 gelato

592 4353 754 4417 Scaevola
777 4360 811 4416 et
833 4354 984 4439 apposito
1008 4352 1158 4417 dextram
1181 4353 1394 4418 damnaverat
1417 4352 1495 4437 igni,

592 4457 666 4542 plus
691 4457 774 4521 felix
798 4465 957 4542 peccante
981 4478 1090 4537 manu,
1116 4478 1189 4521 cum
1212 4456 1295 4521 forte
1319 4456 1454 4521 satelles

591 4561 730 4646 palleret
753 4566 925 4626 consmnte
949 4582 1005 4627 reo
1029 4567 1257 4646 tormentaque
1281 4560 1367 4647 capti

534 4679 559 4713 ιι·
591 4665 619 4728 is
642 4663 773 4749 fugeret
795 4665 851 4750 qui
873 4672 977 4729 tortor
1000 4673 1081 4732 erat.
1126 4665 1294 4731 Brennum
1316 4663 1491 4739 tremuisti,

588 4772 662 4853 post
673 4767 803 4832 melior:
821 4768 1047 4854 quodcumque
1061 4776 1152 4834 tuum
1165 4776 1225 4844 est,
1239 4767 1466 4853 quodcumque
1480 4767 1617 4845 vocaris,

325 5044 471 5099 4020100
563 5044 599 5097 42
616 5041 701 5110 indus]
720 5045 810 5096 medus
827 5043 852 5093 Τ
942 5042 977 5096 45
994 5047 1078 5112 epiros
1090 5046 1129 5109 M,
1146 5045 1250 5112 ephirus
1268 5043 1295 5107 Τ,
1314 5060 1409 5111 epyrus
1423 5042 1474 5107 GP,
1491 5044 1641 5111 epyrrusF
1727 5064 1749 5097 o.
1763 5049 1799 5097 46
1817 5044 1879 5095 add.

221 5134 250 5182 in
267 5150 349 5199 mary.
365 5134 400 5183 (¹¹
460 5130 808 5199 Libysculqorlibescodd.
865 5132 964 5183 iaccum
977 5131 1042 5195 MP,
1059 5134 1160 5184 iachum
1175 5132 1202 5195 (f,
1221 5132 1304 5183 iseum
1321 5130 1367 5181 ΤΡ
1466 5149 1489 5180 ιι.
1502 5135 1537 5183 48
1555 5148 1603 5181 orn.
1617 5131 1642 5180 P
1697 5140 1836 5183 castoream
1850 5129 1883 5181 M

223 5216 441 5270 becuminem
507 5217 672 5285 -ssgurffl,
690 5216 827 5283 fulgendi
931 5216 964 5267 :¹11
983 5218 1096 5285 rugrrr’
1197 5217 1230 5270 ιἰ4
1248 5219 1343 5269 lacerta
1357 5218 1393 5269 0²
1497 5215 1531 5269 oo
1548 5225 1588 5268 est
1606 5216 1701 5268 onndf
1801 5213 1836 5265 58
1853 5223 1880 5267 at

224 5305 315 5356 malim
327 5305 412 5356 delere
458 5303 613 5356 extentisdf
692 5302 724 5354 61
739 5303 870 5354 oblatiidf
916 5312 960 5355 tua
973 5320 1080 5356 munera
1095 5305 1122 5369 Τ,
1140 5313 1210 5356 tuam
1223 5306 1298 5356 venia
1307 5303 1342 5354 d!
1345 5304 1363 5361 ¹,
1381 5311 1426 5354 tua
1436 5304 1513 5353 venia
1524 5301 1571 5351 Μ’
1652 5299 1757 5353 etaui-
1770 5324 1817 5350 ω
1831 5301 1880 5363 1²¹,

221 5391 261 5441 sui
284 5407 335 5441 non
361 5390 399 5439 Ρ2
537 5387 572 5441 63
596 5391 638 5441 vel
661 5386 744 5456 capta]
768 5398 844 5456 capta
867 5389 914 5449 Τί,
940 5391 1043 5457 captiua
1067 5389 1107 5440 f'l‘
1211 5398 1334 5459 putentur
1351 5390 1383 5452 P,
1408 5397 1525 5440 tutantur
1545 5386 1575 5436 df
1712 5384 1748 5436 64
1770 5388 1834 5439 fosta
1859 5386 1883 5437 Τ

222 5473 256 5525 65
278 5494 329 5542 quo
353 5474 447 5526 YFCP
547 5477 610 5527 abiit
628 5475 709 5527 ΜΤΟ
844 5474 878 5526 6ss
900 5486 930 5527 ut
948 5494 996 5527 οιιι.
1016 5476 1049 5540 Τ,
1072 5487 1118 5528 aut
1139 5478 1172 5527 0¹
1313 5473 1346 5525 ot
1372 5477 1490 5542 inpingas
1507 5473 1536 5524 F
1672 5469 1705 5522 70
1728 5473 1812 5523 colitis
1830 5471 1879 5522 M·

221 5557 255 5612 73
272 5561 473 5613 admoniturum
577 5560 610 5612 74
628 5581 687 5614 usn
704 5562 754 5625 Μ·
861 5561 894 5615 to
913 5564 1104 5629 tlngrnutcmf‘
1208 5561 1239 5614 'ff
1259 5566 1422 5615 damnaverat
1442 5560 1481 5610 1⁸·
1587 5557 1620 5609 79
1634 5557 1770 5609 durratentc
1787 5575 1831 5609 rco
1849 5556 1880 5623 Ρ,

219 5657 366 5699 coristautor
383 5666 413 5698 oo
432 5648 482 5697 lle
