4462 6216
286 332 348 393 316
906 327 1043 382 UUItlUll
1063 327 1321 382 EPISTULARUM

169 499 203 571 G
230 502 250 563 6
283 506 461 585 propterea
491 523 630 566 necesse
663 521 727 564 non
757 500 819 564 fuit
849 500 967 564 litteris
997 500 1143 566 indicari.
1187 506 1333 564 vestrum
1364 506 1415 564 est
1445 499 1609 564 hominem
1638 521 1748 565 verum
1780 501 1869 565 iuste
1900 501 1945 564 ab

283 603 379 668 huius
411 605 591 669 calumniae
622 604 805 669 obiectione
834 604 1027 684 defendere,
1063 625 1160 690 quam
1191 625 1265 668 eum
1297 604 1416 668 iniuste
1447 603 1576 687 seriptis
1607 604 1727 667 nostris
1761 604 1945 688 agnoscitis
2013 600 2020 613 '

285 707 459 773 sustinere.

1073 876 1148 940 LII.

568 1030 785 1096 RURIOIUS
809 1031 1055 1097 EPISOOPUS
1080 1031 1285 1096 subrano
1311 1030 1397 1095 SUO
1424 1029 1645 1095 SALUTEM.
1982 1047 1994 1082 ⁵

232 1175 245 1233 l
389 1147 454 1241 Ira
477 1199 529 1241 me
553 1177 760 1262 paucissimis
784 1176 900 1240 diebus
924 1176 965 1241 ad
990 1178 1113 1241 cultum
1136 1198 1230 1241 sunm
1254 1176 1360 1262 pietas
1384 1183 1514 1240 vestrae
1539 1176 1723 1240 sanctitatis
1743 1177 1871 1256 inlexit,
1895 1183 1944 1259 ut,

283 1300 356 1344 cum
379 1301 438 1344 vos
462 1278 524 1343 deo
548 1280 690 1365 propitio
714 1279 812 1344 corde
836 1279 1002 1344 detineam
1025 1286 1057 1343 et
1080 1280 1181 1344 oculis
1205 1279 1322 1343 mentis
1347 1279 1486 1356 intuear,
1514 1284 1624 1343 tamen
1648 1301 1790 1366 semper,
1819 1281 1945 1345 affectu

281 1384 469 1468 instigante,
493 1384 691 1469 perquiram;
716 1384 792 1470 quia
808 1384 933 1449 seilicet
949 1391 985 1449 ut
1000 1386 1101 1449 breve
1116 1383 1244 1447 videtur
1260 1404 1355 1447 omne
1372 1383 1457 1469 quod
1474 1382 1571 1447 dulce
1589 1388 1649 1462 est,
1675 1383 1721 1446 ita
1737 1383 1944 1469 inexplebile

231 1491 251 1551 2
283 1493 334 1552 est
357 1508 453 1551 omne
477 1486 563 1571 quod
587 1508 684 1552 came
708 1494 768 1553 est.
807 1496 841 1553 et
863 1488 1080 1575 omnipotenti
1103 1487 1165 1553 deo
1190 1489 1312 1572 gratias
1337 1508 1435 1572 super
1458 1493 1524 1551 tam
1548 1486 1731 1551 admirabili
1758 1486 1845 1551 dono
1871 1486 1945 1552 eius

282 1592 400 1672 refero,
423 1590 510 1676 quod
525 1592 572 1654 ita
586 1593 784 1676 generaliter
800 1594 902 1658 servis
926 1594 994 1658 suis
1020 1592 1164 1656 tribuere
1187 1590 1347 1655 ineffabili
1371 1591 1617 1676 dispensatione
1641 1588 1795 1674 dignatus
1818 1597 1882 1671 est,
1904 1597 1944 1655 ut
1972 1605 1998 1644 ¹⁰

283 1694 316 1758 hi
348 1695 402 1779 qui
430 1693 638 1780 disparantur
666 1716 797 1781 corpore
825 1697 943 1762 animis
971 1698 1185 1780 iungerentur
1215 1716 1322 1780 neque
1355 1700 1443 1759 esset
1472 1693 1594 1779 aliquid
1629 1701 1696 1757 tam
1722 1694 1944 1780 longinquum

282 1803 414 1881 tamque
432 1795 575 1876 difficile,
599 1797 685 1883 quod
702 1801 861 1864 mentium
878 1800 1047 1865 obtutibus
1063 1820 1126 1863 non
1143 1798 1302 1877 obviaret,
1327 1796 1384 1861 sed
1400 1818 1459 1883 per
1475 1796 1581 1861 cordis
1599 1796 1750 1861 intuitum
1767 1796 1812 1860 ibi
1830 1817 1868 1861 se
1888 1797 1941 1860 in-

231 1900 250 1962 3
282 1898 386 1962 vicem
409 1898 584 1984 diligentes
609 1901 754 1966 caritatis
778 1902 1054 1987 contemplatione
1079 1900 1323 1986 conspicerent,
1347 1900 1403 1964 ubi
1428 1899 1548 1963 caritas
1571 1901 1645 1984 ipsa
1669 1899 1828 1962 consistit.
1877 1921 1943 1984 quo

282 2001 327 2082 fit,
351 2007 386 2065 ut
408 2001 571 2068 devinctio
588 2011 709 2085 vestra,
734 2007 867 2090 quaein
885 2006 1067 2071 visceribus
1087 2004 1169 2070 meis
1186 2005 1253 2088 iugi
1270 2002 1502 2084 recordatione,
1527 2001 1604 2066 dum
1620 2002 1736 2066 cotidie
1753 2009 1943 2081 renovatur,

283 2109 431 2188 augetur,
454 2107 574 2170 amoris
595 2107 696 2172 vestri
719 2108 797 2172 mihi
819 2107 1079 2173 vicissitudinem
1103 2108 1308 2192 repromittat
1331 2113 1363 2170 et
1387 2105 1515 2171 animus
1538 2126 1631 2169 meus
1655 2105 1734 2168 mihi
1756 2105 1942 2169 animorum
1970 2120 1995 2158 ¹⁵

283 2212 463 2272 vestrorum
487 2209 660 2275 fideiussor
683 2211 831 2285 assistat,
862 2210 937 2274 dum
962 2216 1088 2274 tantum
1111 2209 1176 2273 sibi
1199 2209 1298 2273 audet
1321 2209 1362 2273 de
1386 2215 1494 2272 vestra
1517 2207 1691 2273 dilectione
1714 2228 1943 2294 praesumere,

232 2312 250 2371 l
284 2317 439 2395 quantum
468 2313 560 2377 vobis
591 2314 792 2399 concupiscit
819 2311 1016 2398 impendere.
1069 2312 1209 2378 salutem
1239 2313 1350 2398 itaquo
1380 2311 1577 2377 beatitudini
1606 2317 1736 2377 vestras
1763 2311 1942 2397 plurimam

282 2412 355 2477 dieo
379 2420 413 2479 et
436 2435 529 2500 rogo,
559 2417 766 2481 incessanter
788 2416 951 2480 communi
974 2415 1104 2480 domiuo
1132 2415 1336 2501 supplicetis,
1368 2420 1404 2478 ut
1427 2413 1607 2479 secundum
1630 2413 1758 2479 divitias
1782 2415 1944 2481 bonitatis

284 2536 363 2580 suae
394 2522 493 2603 atque
515 2518 659 2599 virtutis,
689 2519 741 2583 cui
773 2518 882 2582 omnia
908 2518 1078 2604 possibilia
1107 2517 1310 2598 confitemur,
1342 2517 1405 2581 etsi
1428 2518 1461 2581 in
1481 2517 1542 2581 hoc
1565 2518 1697 2583 saeculo
1720 2539 1781 2583 noe
1806 2526 1945 2605 propter

283 2621 369 2686 vitae
386 2621 479 2685 istius
495 2622 685 2688 turbedines
702 2644 741 2687 ae
757 2622 921 2709 procellas
939 2628 973 2687 et
994 2621 1164 2707 regionum
1187 2621 1360 2686 intervalla
1383 2621 1515 2707 saepius
1532 2621 1641 2686 ridere
1665 2642 1730 2685 non
1752 2643 1943 2707 possumus,
1970 2638 1997 2677 ιι

283 2725 335 2788 vel
358 2724 399 2788 ad
421 2725 510 2789 illam
532 2726 664 2805 urbem,
693 2748 793 2812 quae
821 2725 1062 2790 aedificatur
1088 2730 1128 2788 ut
1159 2725 1316 2806 civitas,
1352 2726 1452 2790 iaciat
1475 2725 1665 2806 convenire,
1694 2724 1857 2809 adquam
1880 2748 1943 2792 nos

285 2827 504 2892 misericordia
528 2830 649 2893 domini
670 2830 790 2915 poterit
813 2830 969 2914 perferre,
993 2850 1050 2891 vos
1073 2829 1200 2893 merita.

1067 3102 1159 3168 LIII.

562 3260 779 3326 RURIGIUS
803 3258 1051 3326 EPISUOPUS
1074 3258 1269 3325 RUSTIUO
1292 3259 1414 3323 FILIO
1439 3258 1661 3323 SALUTEM.

233 3400 246 3458 l
390 3376 516 3473 Exrnn
538 3408 693 3473 affectum
721 3406 1041 3473 consuetudinarium
1071 3413 1105 3471 et
1131 3407 1306 3494 probatum
1335 3412 1368 3470 et
1397 3405 1637 3471 humanitatem
1671 3406 1765 3471 nobis
1796 3406 1946 3493 dignaris
1971 3421 1996 3461 ιι

282 3510 484 3596 impendere,
507 3510 584 3575 dum
605 3510 719 3576 usibus
737 3504 806 3576 tuis
817 3510 972 3592 detrahis,
997 3509 1082 3596 quod
1099 3510 1218 3574 nostris
1241 3509 1393 3594 largiaris
1409 3511 1577 3595 expensis;
1601 3510 1687 3596 qnia,
1711 3530 1812 3595 puero
1829 3518 1942 3576 vestro

283 3614 457 3693 referente,
487 3615 634 3698 cognovi,
666 3614 750 3700 quod
773 3615 966 3701 piscationis
988 3616 1021 3679 in
1036 3614 1157 3679 Visera
1178 3635 1238 3700 pro
1262 3620 1360 3699 parte
1384 3620 1496 3678 vestra
1519 3613 1612 3677 nobis
1635 3613 1777 3678 iusseras
1801 3613 1942 3681 delicias

230 3719 250 3779 2
282 3717 468 3781 ministrari.
513 3717 614 3797 unde,
642 3717 840 3782 salutatione
864 3717 1025 3803 depensa,
1049 3716 1172 3802 gratias
1197 3738 1258 3801 ago
1284 3717 1454 3802 plurimas,
1478 3738 1620 3781 exorans
1645 3717 1785 3782 divinam
1809 3719 1939 3784 miseri·

283 3820 434 3900 cordiam,
458 3827 494 3884 ut
515 3842 574 3906 pro
595 3820 727 3902 honore,
752 3841 849 3906 quem
864 3820 958 3885 nobis
973 3842 1032 3907 pro
1048 3820 1151 3907 ipsius
1167 3820 1282 3885 timore
1300 3818 1495 3905 dependitis,
1519 3826 1551 3884 et
1569 3821 1793 3907 praesentium
1809 3820 1940 3887 dierum

283 3923 386 4002 vobis,
399 3923 544 3988 conferat
566 3923 758 3990 felicitatem
782 3931 815 3990 et
837 3924 1074 3991 beatitudinem
1098 3924 1220 3989 tribuat
1240 3924 1432 3991 futurorum.
1969 3941 1994 3981 ιι

1064 4199 1153 4267 LIV.

605 4351 822 4420 RURIUIUS
846 4354 1121 4421 APRUNUULO
1145 4354 1367 4421 EPISUOPO
1392 4355 1614 4421 SALUTEM.

232 4502 245 4561 1
385 4471 488 4569 Smer
505 4503 630 4568 litteras
651 4502 835 4568 sanctitatis
852 4507 982 4567 vestrae
1006 4523 1065 4587 per
1082 4502 1186 4565 virum
1200 4501 1425 4566 venerabilem
1443 4501 1595 4586 Elegium
1620 4524 1693 4567 eum
1715 4504 1941 4587 gratulatione

229 4612 249 4672 2
282 4608 429 4693 suscepi,
460 4607 507 4671 ita
529 4608 604 4687 has,
636 4605 752 4671 eodem
776 4606 950 4685 redeunte,
974 4606 1115 4670 libenter
1137 4605 1242 4670 omisi.
1288 4606 1406 4690 quibus
1430 4607 1631 4691 apostolatui
1655 4613 1764 4672 vestro
1789 4606 1941 4673 debitum

281 4739 416 4748 ——.——
433 4739 691 4746 ———-.-—-

384 4815 417 4868 21
437 4814 480 4867 Ps.
500 4812 595 4878 CXXI,
613 4813 639 4867 3.

386 4931 531 4988 linstaeG
617 4932 635 4985 2
653 4952 704 5001 qua
715 4951 801 4986 meum
814 4928 960 4984 iniustaeG
1047 4928 1201 4999 itotusere
1214 4932 1323 4998 epistula
1335 4951 1366 4985 ea
1378 4934 1438 4986 aliis
1450 4935 1578 5000 exscripto
1590 4944 1626 4986 est
1711 4933 1825 4986 6111-
1836 4935 1941 5005 diebus]

280 5026 314 5091 ⁶s·
327 5040 365 5089 ep.
379 5022 422 5086 ΙΙ,
433 5027 456 5086 9,
473 5039 555 5089 supro
567 5039 597 5088 p.
608 5025 664 5084 317,
682 5021 699 5071 l.
711 5023 746 5071 32
842 5017 860 5069 8
878 5019 977 5069 scilieet
993 5015 1033 5083 nt]
1047 5017 1198 5082 Monaesum,
1215 5019 1314 5070 scilieet
1327 5015 1353 5069 G
1452 5018 1469 5069 9
1487 5019 1573 5088 carue]
1588 5018 1622 5085 G,
1639 5039 1727 5073 earum
1739 5022 1803 5074 coni.
1819 5023 1943 5076 Gom'sim

280 5117 307 5162 st
319 5137 351 5145 -
365 5106 398 5159 13
411 5105 536 5174 consutit]
554 5125 585 5159 ea
597 5125 635 5172 ep.
651 5104 870 5169 Imenaretes
888 5104 1022 5169 οεοεσιὶριίι
1124 5101 1158 5155 10
1174 5102 1267 5171 resero]
1286 5121 1317 5155 ea
1329 5122 1367 5170 cp.
1381 5105 1424 5169 ΙΙ,
1437 5111 1468 5157 10
1481 5109 1604 5173 supplevi,
1622 5126 1670 5160 om.
1685 5105 1710 5160 G
1810 5106 1842 5159 11
1862 5110 1899 5161 hii
1914 5107 1942 5162 G

283 5190 555 5261 121a1nquelomG
624 5190 687 5258 uon]
704 5209 736 5244 eu
753 5188 894 5257 ep.11,10
911 5190 1034 5257 supplevi,
1052 5186 1142 5241 om.G
1210 5192 1322 5242 obuiarit
1336 5187 1362 5241 G
1431 5193 1554 5244 discordis
1569 5190 1594 5245 G
1664 5191 1710 5260 ibi]
1728 5194 1788 5246 indo
1800 5212 1840 5260 ep.
1853 5195 1896 5260 ΙΙ,
1909 5202 1943 5250 10

282 5282 315 5335 13
338 5281 470 5348 diligentis
489 5277 515 5331 G
600 5297 651 5346 quo
670 5307 703 5316 -
723 5274 756 5328 l'l
773 5274 931 5345 impendere]
955 5294 986 5328 ea
1008 5277 1118 5343 epistula
1137 5276 1260 5328 Victorini
1276 5295 1318 5328 nr.
1335 5277 1397 5342 VII,
1420 5296 1502 5344 supro
1514 5297 1545 5345 p.
1561 5283 1617 5343 271,
1637 5289 1661 5332 et
1682 5297 1713 5332 ee
1734 5280 1846 5346 meaa
1864 5281 1907 5346 ΙΙ,
1926 5288 1944 5335 9

280 5368 404 5421 Ruricius
421 5366 506 5417 nausa
607 5365 639 5418 15
656 5372 794 5433 augeretur
808 5361 834 5415 G
895 5360 1101 5416 uisitudinemG
1163 5362 1200 5431 et]
1220 5380 1251 5416 ea
1262 5381 1301 5430 ep.
1314 5364 1385 5427 ΙΙ,9
1402 5366 1525 5431 supplem,
1542 5384 1591 5418 om.
1606 5362 1632 5418 G
1731 5363 1763 5418 17
1781 5367 1897 5435 plurimu
1913 5364 1943 5421 G

281 5453 314 5507 19
331 5455 374 5507 cui
387 5480 419 5490 -
432 5450 467 5503 22
478 5450 578 5518 merite]
597 5469 628 5505 a
645 5453 756 5519 epistula
768 5452 792 5515 I,
805 5455 839 5503 17
853 5451 975 5516 repetiuit,
993 5458 1021 5501 ot
1031 5451 1161 5501 ιιοιιιιιιιὶα
1173 5451 1275 5502 addidit
1339 5448 1399 5518 etsi]
1418 5469 1500 5518 supra
1512 5452 1537 5517 Ι,
1549 5458 1588 5517 17,
1605 5462 1635 5505 nt
1646 5454 1669 5505 si
1680 5450 1706 5504 G
1809 5450 1846 5506 20
1857 5456 1942 5507 trrrbi·

280 5542 348 5593 dinis
358 5536 385 5592 G
471 5536 506 5590 22
524 5537 624 5604 merita]
643 5540 753 5606 epistula
765 5539 802 5591 od
813 5538 979 5591 Praesidium
991 5538 1064 5604 doto,
1083 5554 1165 5604 supra
1178 5539 1219 5602 II,
1231 5543 1270 5602 12,
1287 5538 1334 5590 too
1347 5540 1402 5590 ἱοοο
1417 5540 1524 5605 repetita
1541 5548 1577 5591 eet
1590 5536 1616 5590 G
1702 5537 1736 5591 28
1755 5540 1904 5593 ministrare
1914 5538 1944 5594 G

280 5624 314 5677 ‘29
332 5627 506 5694 praesentium
524 5623 632 5691 Uerum]
650 5627 750 5693 tempsi,
766 5627 953 5694 presentiarum
967 5623 1001 5692 G,
1018 5627 1194 5693 praesentium
1212 5627 1276 5677 coni.
1290 5625 1432 5679 Manassen
1531 5624 1567 5676 30
1584 5625 1740 5688 futurorum]
1758 5627 1817 5678 finit
1834 5628 1901 5682 odd.
1914 5625 1944 5681 G
