4462 6216
798 313 908 368 LIBER
924 314 960 378 ΙΙ,
982 314 1021 368 XI
1039 315 1056 382 g
1074 315 1091 368 5
1112 347 1145 356 -
1162 313 1229 368 XIII
1247 316 1263 383 θ
1280 317 1306 369 3.
1817 321 1876 385 321

230 494 361 553 mutuae
393 489 537 553 caritatis
567 487 742 567 admoneo,
775 493 809 552 et
837 489 883 552 ita
909 488 1053 552 fabricae
1084 489 1180 553 turris
1204 488 1307 569 illius,
1339 509 1434 573 qaam
1463 489 1611 554 dominus
1640 493 1674 555 in
1701 491 1873 575 evangelio
1929 487 1963 559 G

230 594 373 658 construi
405 594 586 680 praecepit,
618 599 770 657 strenuus
800 591 1163 686 aedificatorviusistas,
1193 598 1230 655 ut
1260 591 1438 657 adversarii
1467 594 1514 658 tui
1536 595 1679 658 habeant
1701 595 1808 681 potius
1831 594 1871 658 de

230 699 301 762 eius
323 698 525 784 perfectione
549 696 635 782 quod
658 696 790 761 doleant
811 717 908 783 quam
930 695 972 762 de
994 697 1238 762 intermissione
1261 696 1348 780 quod
1370 696 1507 764 rideant.

1012 989 1092 1055 XII.

190 1160 202 1196 ⁵
339 1146 515 1211 DOMINO
541 1145 727 1210 SUBLIMI
751 1144 1024 1220 SEMPERQUII
1047 1145 1302 1210 Mseulrlco
1325 1145 1493 1210 FRATRI
1516 1145 1762 1213 PRAESIDIO

804 1248 1017 1314 RURIOIUS
1041 1248 1297 1314 EPISOOPUS.

337 1369 500 1470 Persicus
523 1395 600 1460 dum
623 1417 675 1460 me
699 1395 786 1480 apud
808 1393 1006 1458 individuam
1029 1395 1110 1459 mihi
1134 1395 1368 1459 sublimitatem
1390 1401 1534 1460 vestram
1557 1417 1623 1460 non
1645 1396 1733 1461 ritae
1757 1397 1872 1462 merito
1907 1402 1920 1460 1

229 1500 288 1564 sed
312 1500 526 1566 amicitiarum
557 1499 727 1585 privilegio
756 1499 892 1562 multum
922 1519 1019 1584 posse
1050 1499 1230 1578 confidunt,
1263 1498 1549 1564 commendaticias
1573 1521 1593 1562 a
1616 1499 1724 1581 nobis,
1756 1500 1872 1585 quibus

229 1605 322 1669 vobis
346 1609 555 1681 excusentur,
578 1601 760 1687 inquirunt;
784 1623 864 1687 quas
881 1601 927 1666 eis
944 1623 1002 1688 pro
1018 1602 1117 1666 officii
1133 1603 1236 1667 nostri
1252 1603 1450 1668 necessitate
1467 1624 1589 1688 negare
1607 1624 1670 1667 nou
1686 1625 1871 1689 possumus,

177 1725 202 1761 1⁰
228 1731 293 1774 non
323 1707 596 1795 praesumptionis
625 1705 764 1771 audacia
793 1704 852 1769 sed
881 1705 1052 1768 ministerii
1083 1704 1270 1791 disciplina,
1307 1705 1383 1770 dum
1415 1713 1449 1771 et
1482 1706 1545 1770 illis
1574 1708 1757 1792 praesentis
1786 1709 1873 1772 vitae

228 1814 349 1877 solacia
377 1818 410 1876 et
437 1811 526 1875 vobis
557 1812 727 1897 providere
759 1811 981 1876 desideramus
1011 1817 1184 1892 aeternae,
1214 1817 1251 1876 ut
1281 1818 1314 1877 et
1344 1813 1391 1876 illi
1421 1835 1482 1899 per
1508 1814 1700 1899 patientiam
1729 1820 1871 1879 vestram

228 1923 435 1980 reserventur
465 1915 507 1979 ad
536 1916 774 2001 paenitentiam
805 1921 838 1981 et
866 1935 925 1979 vos
954 1936 1015 2000 per
1041 1914 1295 1979 misericordiam
1319 1917 1517 2002 perveniatis
1540 1915 1581 1980 ad
1605 1917 1744 1983 veniam.
1789 1917 1873 1981 sicut
1904 1919 1924 1979 2

229 2020 306 2084 dicit
335 2020 509 2105 scriptura:
544 2019 638 2104 quia
672 2019 858 2084 iudicium
892 2019 980 2084 sine
1015 2018 1294 2084 misericordia
1327 2020 1405 2085 erit
1434 2021 1498 2085 illi
1528 2021 1594 2106 qui
1625 2042 1698 2085 uon
1727 2021 1873 2086 fecerit

228 2122 554 2198 misericordiam;
578 2122 653 2208 quia
682 2123 737 2209 qui
768 2122 866 2186 dixit:
898 2120 1103 2186 dimittite
1133 2128 1172 2186 et
1201 2122 1438 2187 dimittetur
1465 2124 1590 2205 vobis,
1622 2124 1735 2210 procul
1764 2124 1873 2204 dubio,

177 2241 201 2278 ¹⁵
229 2247 325 2311 quem
348 2227 465 2291 viderit
486 2227 539 2290 bic
561 2227 670 2292 facere
694 2225 780 2311 quod
803 2225 985 2311 praecepit,
1015 2224 1050 2289 in
1078 2226 1186 2290 futuro
1218 2225 1250 2289 ei
1278 2227 1429 2291 restituet
1460 2226 1546 2312 quod
1577 2228 1733 2314 promisit.
1777 2227 1872 2293 nobis

227 2331 312 2394 enim
341 2330 428 2395 illius
457 2331 577 2395 veritas
606 2337 738 2416 praesto
770 2337 836 2410 est,
867 2330 893 2393 si
923 2328 971 2393 illi
1001 2329 1082 2394 fides
1111 2335 1222 2394 nostra
1251 2352 1315 2397 uon
1346 2329 1440 2395 desit.
1490 2331 1578 2396 unde
1609 2331 1872 2395 manifestissime
1904 2334 1923 2394 3

225 2436 365 2520 potestis
396 2433 582 2513 advertere,
612 2433 851 2498 absolutionem
881 2432 1073 2498 miserorum
1101 2438 1284 2498 vestrorum
1308 2455 1382 2498 esse
1406 2432 1642 2519 indulgentiam
1664 2440 1871 2519 peccatorum

227 2544 261 2602 et
283 2538 344 2601 hoc
368 2538 487 2602 vestris
516 2536 747 2602 eonferendum
777 2536 944 2623 precibus,
975 2534 1059 2620 quod
1083 2556 1141 2599 vos
1170 2537 1398 2621 praestiteritis
1427 2536 1560 2616 alienis,
1591 2538 1684 2603 iuxta
1709 2537 1810 2623 ipsius
1840 2539 1872 2600 in

228 2643 398 2726 evangelio
414 2641 623 2706 sententiam:
648 2660 721 2724 quo
737 2639 893 2704 'iudicio
916 2638 1220 2720 iudicaveritis,
1245 2638 1492 2705 iudicabitur
1514 2640 1696 2706 devehis.
1733 2641 1871 2727 ideoque
1904 2643 1923 2702 4

176 2756 201 2795 2⁰
227 2765 285 2830 pro
304 2743 390 2809 Urso
414 2751 447 2809 et
468 2744 635 2830 Lupicino,
659 2744 714 2829 qui
737 2744 778 2808 ed
800 2764 852 2807 me
875 2744 969 2828 quasi
991 2743 1084 2808 vobis
1108 2743 1315 2829 peculiarius,
1340 2743 1424 2808 sicut
1447 2745 1598 2830 superius
1622 2743 1700 2824 dixi,
1725 2744 1869 2808 caritatis

227 2849 296 2912 iuro
331 2847 516 2912 devinctum
549 2867 606 2932 pro
640 2847 809 2911 eriminum
842 2867 972 2911 suorum
1003 2846 1241 2912 intercessione
1272 2851 1445 2928 venerunt,
1483 2853 1634 2933 precator
1663 2846 1800 2928 accedo,
1835 2852 1872 2910 ut

228 2953 366 3037 primum
395 2952 470 3032 deo,
500 2951 618 3015 deinde
650 2950 742 3014 nobis
774 2950 835 3014 hoc
865 2950 951 3036 quod
981 2950 1212 3015 commiserunt
1234 2949 1354 3015 donaro
1377 2950 1521 3034 digneris
1545 2956 1578 3015 et
1600 2951 1706 3015 infieri
1728 2972 1788 3015 nec
1812 2971 1870 3014 uos

229 3055 269 3119 de
293 3077 404 3119 eorum
428 3055 632 3119 damnatione
656 3052 849 3133 confundas,
880 3054 934 3139 qui
957 3075 993 3119 se
1017 3054 1083 3117 iam
1106 3060 1175 3117 tum
1198 3054 1368 3119 absolutos
1391 3074 1481 3134 esse,
1512 3052 1642 3139 quaudo
1667 3053 1708 3118 ad
1738 3053 1869 3117 humili-

227 3165 330 3224 tatem
354 3180 460 3223 meam
484 3158 616 3224 deducti
639 3163 724 3238 sunt,
748 3157 966 3224 crediderunt.

999 3450 1096 3517 XIII.

921 3604 1033 3671 ΙΤΕΜ
1055 3604 1174 3672 ALIA.

330 3727 374 3819 Iu
404 3756 471 3818 salo
500 3753 623 3818 saeculi
652 3751 747 3817 istius
775 3751 922 3817 adversis
953 3773 991 3816 ac
1017 3751 1154 3816 diversis
1186 3753 1436 3838 tempestatibus
1467 3753 1679 3816 fluctuantem
1711 3759 1870 3817 teretem
1905 3756 1918 3815 1

228 3859 269 3922 ad
293 3865 422 3945 portum
446 3858 559 3921 salutis
575 3855 707 3921 tandem
725 3855 910 3941 aliquando,
935 3854 1063 3919 domino
1080 3855 1296 3940 gubernante,
1319 3857 1484 3942 appulisse
1501 3854 1704 3940 congaudeo,
1727 3855 1760 3918 iu
1777 3855 1869 3918 cuius

228 3961 292 4025 fida
314 3984 353 4025 ac
378 3961 553 4046 tranquilla
575 3962 714 4026 statione
739 3961 955 4046 compositus,
985 3965 1096 4024 aestus
1127 3959 1229 4046 ipsius
1252 3960 1367 4046 perfidi
1391 3965 1424 4024 et
1447 3960 1547 4045 iniqui
1570 3965 1603 4024 et
1626 3961 1728 4024 amari
1750 3960 1870 4024 ridebis

175 4079 201 4117 ³⁰
227 4065 397 4151 deinceps,
427 4086 491 4128 non
520 4065 664 4140 timebis3
695 4065 736 4129 de
764 4065 881 4149 quibus
904 4069 940 4127 ut
963 4084 1077 4150 parum
1099 4062 1280 4127 formidinis
1302 4065 1348 4127 ita
1370 4063 1506 4127 multum
1529 4062 1639 4148 gaudii
1661 4064 1784 4128 habere
1806 4064 1870 4127 iam

227 4170 361 4254 poteris,
384 4167 468 4253 quod
492 4190 549 4232 eos
565 4169 619 4232 vel
642 4174 728 4233 retro
752 4167 924 4232 derelictos
947 4167 1084 4252 respicis
1101 4166 1153 4231 vel
1174 4167 1206 4230 iu
1223 4167 1352 4231 celsiori
1369 4168 1504 4253 specula
1520 4167 1714 4231 constitutus
1730 4166 1869 4252 despicis

229 4278 262 4337 et
290 4279 323 4336 te
352 4272 497 4336 evasisse
529 4272 664 4338 miraris.
710 4279 873 4357 superest,
906 4277 943 4336 ut
974 4271 1066 4335 clavo
1097 4291 1229 4334 manum
1256 4271 1420 4350 inserens,
1452 4277 1540 4336 astra
1570 4292 1700 4356 semper
1726 4271 1869 4334 intentus
1902 4272 1922 4332 2

228 4375 368 4460 aspicias
398 4382 431 4440 et
460 4377 507 4440 ita
535 4382 672 4461 coeptae
702 4376 900 4461 navigationi
929 4377 1038 4440 velum
1065 4373 1204 4461 pandas,
1238 4397 1279 4440 ne
1306 4380 1339 4440 te
1369 4381 1426 4439 aut
1454 4376 1488 4439 in
1517 4375 1618 4438 altum
1647 4374 1871 4439 vehementior

143 4564 146 4568 ἡ
227 4480 322 4543 flatus
354 4481 499 4544 excutiat
528 4487 584 4543 aut
614 4480 646 4543 in
675 4481 782 4545 vicina
807 4480 957 4544 litoribus
989 4500 1071 4543 saxa
1100 4479 1240 4544 collidat.
1285 4499 1391 4563 neque
1421 4479 1520 4543 etiam
1549 4479 1643 4542 iuxta
1673 4477 1869 4542 sententiam
1902 4479 1920 4539 3

331 4703 429 4757 lLuc.
442 4702 514 4768 XIV,
526 4704 568 4758 28.
656 4704 864 4769 131ac.11‚13.
951 4703 985 4758 14
1002 4702 1178 4767 Laevum.
1268 4704 1300 4757 19
1318 4703 1419 4758 March.
1428 4702 1490 4768 VII,
1503 4704 1529 4758 2.

331 4860 478 4928 lmutuae]
497 4864 524 4912 in
540 4881 593 4913 raa.
609 4862 647 4913 θ’
736 4858 900 4928 2εῑτοιιιωε]
918 4862 1015 4914 atteia
1032 4879 1081 4928 mq.
1093 4870 1170 4927 repet.
1185 4861 1224 4913 0¹
1277 4863 1425 4913 aedificatur
1440 4862 1480 4913 0¹
1567 4860 1663 4929 exn]
1682 4862 1745 4912 baec
1762 4861 1871 4926 epistile

228 4948 255 4997 in
275 4949 298 4998 G
321 4949 358 4998 bia
381 4949 477 5013 scripto
500 4957 549 4999 est:
576 4957 656 4999 waiet
683 4949 750 4999 enim
777 4957 800 4999 et
828 4948 868 4999 tie
890 4957 914 4999 et
930 4956 991 5014 pest
1015 4948 1150 5014 epistelam
1174 4948 1218 5012 11,
1236 4952 1276 5000 52.
1313 4948 1368 5000 Noe
1391 4950 1505 5015 priorem
1531 4957 1624 4999 tentum
1650 4947 1797 5014 compendio
1818 4949 1870 5010 (Ia,

226 5034 390 5098 posteriorem
411 5035 452 5084 Gt
470 5035 631 5085 decemimus
734 5033 869 5087 ouomno
887 5062 920 5071 -
940 5033 1120 5102 aepiscopus]
1140 5036 1684 5104 Ga,ruriciusepiecopuspraesidiotilio
1702 5036 1811 5086 salutem
1829 5036 1870 5085 Gt

227 5121 336 5187 presidio
349 5122 393 5170 Ga
484 5118 722 5189 IplerumqueGb
816 5120 1014 5191 8priuilegium
1027 5122 1072 5172 Ga
1164 5121 1198 5174 10
1215 5124 1455 5190 praeruptionisGb
1508 5122 1615 5189 precatis
1626 5121 1667 5172 eo
1755 5118 1785 5170 11
1804 5120 1870 5170 sola-

228 5207 291 5257 tium
307 5206 349 5257 Ge
436 5204 468 5258 13
485 5206 533 5275 illi]
552 5226 601 5259 om.
616 5210 657 5259 Gt
738 5206 771 5261 14
788 5207 842 5276 qui]
860 5210 963 5261 ora.(lb
998 5207 1149 5277 dimittetur]
1162 5210 1298 5262 dimittitur
1314 5210 1377 5261 eae
1456 5207 1490 5260 15
1507 5205 1540 5272 ei]
1559 5225 1608 5258 orn.
1623 5207 1668 5257 Ga
1702 5206 1870 5258 restituitflb

230 5291 262 5342 16
279 5290 310 5359 si]
330 5311 378 5343 oar.
394 5292 440 5342 Ga
529 5292 750 5360 reparasset
838 5294 871 5346 19
888 5297 957 5362 quod
969 5295 1014 5346 Ga
1053 5296 1200 5362 idequeob
1290 5294 1324 5348 20
1340 5293 1464 5363 lupicino]
1481 5295 1535 5358 Ga,
1551 5294 1667 5362 lupon
1706 5288 1870 5360 peculiarius]

231 5379 281 5441 Gt,
298 5380 418 5462 peculiarp
436 5380 495 5443 Ga,
520 5382 682 5447 peculiariter
704 5383 822 5433 Oaaiaiaa
942 5381 975 5433 21
993 5383 1188 5434 intercessiones
1202 5384 1246 5435 Gb
1357 5381 1392 5434 22
1409 5391 1435 5434 et
1460 5381 1551 5448 infieri]
1576 5382 1633 5445 Ga,
1659 5399 1708 5432 om.
1729 5381 1780 5443 Ge,
1796 5396 1872 5430 aerea

227 5473 339 5526 canate,
356 5473 382 5515 et
399 5466 521 5515 infectum
539 5467 594 5517 fieri
612 5470 677 5520 coni.
693 5469 835 5521 illomnreen
941 5467 976 5520 23
994 5469 1183 5522 damnationem
1199 5472 1241 5520 Ob
1297 5473 1347 5522 iam
1365 5467 1430 5536 tum]
1446 5471 1497 5534 ab,
1514 5487 1562 5520 om.
1578 5469 1623 5519 Ga
1680 5467 1814 5519 absolutus
1829 5467 1871 5517 Gt

226 5550 262 5602 28
279 5551 407 5618 adpulisse
422 5551 472 5614 θ’,
492 5553 645 5618 applicuisse
666 5557 705 5607 θ’
817 5555 851 5608 29
868 5554 958 5622 amari]
980 5556 1087 5620 amaris,
1112 5573 1168 5624 sap.
1187 5574 1200 5609 s
1220 5557 1279 5609 (3¹.-
1294 5559 1366 5624 sorte
1388 5558 1469 5609 amari
1486 5556 1563 5607 rumis
1674 5551 1709 5605 30
1727 5551 1768 5619 ut]
1786 5554 1869 5619 suppl·

227 5639 385 5704 Littjolrana,
402 5655 450 5688 om.
472 5639 495 5688 0
598 5639 631 5692 31
650 5643 753 5710 dispicio
773 5645 796 5697 G

329 5755 454 5812 Sincaius.
1631 5759 1665 5816 41
