4462 6216
292 370 357 431 ᾗς
800 364 933 422 tarsu
950 367 1190 433 1111111Πρῐὶ
1209 367 1416 423 urtsman

163 527 248 599 GH
295 541 352 604 sed
375 542 435 603 ire
457 542 569 626 ipsud.
601 542 685 626 qur-i
708 563 794 604 tune
818 544 903 604 ister
924 564 983 604 nos
1006 544 1200 605 commercia
1224 565 1409 606 sermonum
1432 560 1543 606 tuutua
1567 544 1702 629 spiritus
1723 546 1855 608 actione
1878 542 1942 608 mi-

295 667 438 708 scemus.
466 646 556 729 'rt-qt?
586 668 636 707 me
664 646 847 707 ved-iseum.
877 645 934 707 sud
962 645 1048 730 apud
1071 647 1302 709 conscientiam
1325 668 1447 709 meam.
1476 647 1596 710 sentio:
1623 646 1665 709 ad
1694 669 1752 710 vos
1775 669 1857 712 vero
1887 670 1943 712 me

243 752 477 811 ssucesme
505 771 571 812 niu
600 752 716 813 sentire
765 771 840 812 nam
868 751 895 810 si
919 770 995 812 vere
1024 750 1132 812 anima
1163 770 1236 812 cum
1268 750 1334 812 suis
1361 750 1438 812 ferri
1467 749 1617 813 sensibus
1644 749 1798 815 creditur.
1826 758 1863 815 et
1890 751 1945 814 his

294 874 431 937 quemn
465 855 683 915 ”emetitur
713 855 784 938 ipsa
818 874 877 937 per
910 874 947 915 sc
981 854 1049 915 suis
1084 853 1334 937 cogitationibus
1368 868 1604 938 praesentatur.
1652 873 1729 917 ecce
1763 874 1823 940 per
1856 853 1944 917 haec

292 958 476 1041 peaes-etms
512 958 670 1040 tempofis
708 974 873 1019 momenta
910 976 968 1018 vos
1004 958 1112 1039 cogito
1149 968 1197 1020 et.
1237 958 1344 1020 auimo
1386 957 1631 1021 reminiscente.
1672 979 1729 1020 vos
1769 956 1867 1022 video
1908 966 1946 1021 et
1984 971 1998 1008 ³

296 1059 505 1122 smine-dis.
533 1059 609 1144 quid
633 1061 756 1143 geratis
779 1078 813 1122 et
835 1078 944 1122 utrum
966 1061 1067 1143 quieti
1090 1081 1132 1122 an
1155 1061 1287 1123 lectioni
1311 1059 1363 1124 rel
1386 1061 1525 1123 orationi
1549 1061 1689 1125 tacetis.
1711 1061 1836 1145 ignoro.
1881 1060 1945 1125 sed

295 1163 357 1225 boe
380 1163 453 1226 ide-:-
475 1166 601 1227 111111.
631 1165 708 1247 quia
730 1163 771 1225 ad
793 1185 852 1226 vos
875 1163 981 1226 ctrrdis
1005 1164 1141 1226 affectu.
1172 1185 1236 1226 nou
1260 1164 1330 1248 ipsa
1354 1163 1558 1226 substantiae
1581 1185 1676 1227 meae
1699 1165 1840 1227 veritate
1863 1185 1943 1249 per·

244 1269 400 1330 rom.
437 1289 543 1352 neque
564 1268 651 1329 euim
675 1270 706 1329 iu
731 1269 798 1329 suis
821 1267 972 1329 motibus.
995 1288 1077 1351 quos
1101 1288 1185 1329 nuuc
1208 1268 1357 1350 optimos.
1382 1289 1467 1329 nuuc
1491 1268 1653 1352 pessimos
1676 1289 1751 1331 csse
1766 1268 1944 1345 scutimus.

295 1372 424 1433 11111111·
445 1390 575 1433 nostrae
597 1390 711 1432 natura
734 1372 893 1434 consistit.
938 1391 1011 1433 nam
1037 1372 1063 1433 si
1087 1392 1146 1455 per
1169 1372 1383 1454 cogitationes
1406 1393 1483 1433 suas
1506 1386 1658 1434 constare
1681 1370 1846 1435 credenda
1878 1378 1946 1447 est.

294 1494 364 1537 rut.
385 1475 435 1536 es
457 1473 619 1536 interdum
641 1473 916 1537 evanescentibus
939 1490 1038 1557 atque
1062 1473 1287 1558 pereuntibus.
1310 1474 1383 1558 ipsa
1406 1475 1438 1536 in
1456 1475 1505 1536 sui
1522 1475 1635 1557 rigore
1651 1481 1752 1558 atquc
1766 1474 1944 1538 alacritate
1972 1489 1998 1526 ¹⁰

295 1576 473 1662 perdurat?
509 1596 651 1661 quantae
666 1597 746 1660 ergo
762 1578 795 1639 in
811 1576 905 1639 uobis
921 1576 1210 1660 frequentissimae
1225 1577 1440 1659 cogitationes
1464 1592 1499 1640 et
1521 1597 1619 1640 curae
1641 1579 1740 1642 etiarn
1764 1577 1948 1641 salubriter

244 1687 280 1744 11
295 1682 476 1743 moriuntur
497 1698 531 1743 et
546 1682 633 1742 vitae
655 1680 760 1763 magis
783 1680 913 1743 liberati
936 1680 1099 1742 interioris
1123 1686 1314 1765 operantur!
1351 1680 1378 1742 si
1395 1680 1475 1766 ipsis
1491 1682 1598 1743 anima
1614 1692 1793 1755 constaret.
1814 1682 1947 1767 absque

296 1784 406 1847 dnbio.
429 1786 509 1869 ipsis
531 1783 755 1871 percuntibus.
778 1804 952 1868 superesse
968 1804 1032 1845 non
1050 1798 1174 1867 posset.
1210 1782 1296 1846 unde
1313 1783 1373 1846 hoe
1390 1785 1494 1867 magis
1508 1785 1580 1868 ipsa
1595 1786 1804 1849 conscientiis
1818 1786 1947 1849 uostris

296 1889 380 1951 ratio
410 1888 561 1972 luquitnr.
590 1887 678 1972 quod
707 1907 921 1971 unaquaeque
943 1887 1052 1948 anima
1075 1896 1132 1948 aut
1153 1886 1345 1971 multiplicia
1368 1889 1509 1971 cogitata
1533 1909 1638 1952 rerum
1662 1890 1771 1952 causis
1794 1890 1884 1953 iutra
1907 1912 1947 1953 se

296 2008 455 2077 consepta
489 1994 648 2076 parturiat
680 2010 738 2054 aut
772 2010 890 2054 sensus
925 2012 1002 2052 suos
1040 1989 1128 2053 relut
1164 1989 1325 2074 quaedam
1358 1991 1464 2054 efficia
1498 2008 1555 2054 aut
1587 1993 1768 2056 ministeria
1801 1993 1947 2056 dirersis
1976 2007 2000 2044 ¹⁵

297 2095 547 2157 necessitatibus
569 2093 758 2180 occupanda
789 2092 971 2178 dispergat.
999 2094 1070 2177 ipsa
1099 2114 1177 2156 rero
1207 2095 1239 2156 iu
1268 2095 1415 2157 conclavi
1447 2096 1589 2180 corporis
1620 2097 1670 2159 sui
1699 2097 1801 2160 semel
1830 2097 1875 2161 de
1904 2119 1949 2161 eo

245 2201 288 2262 42
297 2201 425 2262 exitura
448 2200 643 2283 requiescat.
686 2219 783 2282 quarn
805 2198 848 2260 ob
873 2220 941 2261 rem
963 2198 1099 2260 localem
1123 2220 1197 2261 esse
1219 2199 1340 2283 ipsam.
1363 2212 1398 2260 ut
1419 2198 1526 2261 denuo
1548 2198 1715 2262 sufficiens
1738 2199 1948 2284 proferamus

297 2302 496 2386 exemplum.
518 2322 627 2365 nonne
650 2303 759 2364 anima
782 2301 909 2365 lazari
931 2316 1085 2365 manente
1108 2302 1185 2365 vita.
1210 2302 1294 2364 intra
1318 2323 1436 2386 corpus
1457 2303 1533 2366 tuit:
1557 2301 1734 2366 recedente
1749 2310 1860 2366 autem
1877 2302 1950 2367 vita

297 2405 338 2468 de
362 2405 551 2468 habitaculo
573 2406 733 2491 corporis.
762 2405 939 2468 exsulavit.
966 2419 1001 2469 ct
1023 2426 1149 2468 rursum
1173 2407 1256 2467 iutra
1280 2407 1466 2468 exanimum
1491 2404 1600 2468 refusa
1623 2427 1756 2491 corpus.
1779 2406 1836 2468 illo
1858 2405 1951 2470 uude

299 2508 530 2572 absentaverat
552 2526 687 2572 crocata
711 2510 888 2573 remeavit?
932 2522 1009 2571 tunc
1033 2529 1105 2571 earn
1127 2520 1291 2592 tamquam
1315 2520 1348 2571 et
1377 2508 1508 2593 hospitii
1539 2508 1740 2573 habitatione
1768 2508 1948 2594 depulsam
1976 2524 2003 2563 ³·

298 2627 332 2674 ct
361 2633 489 2674 rursum
517 2612 601 2675 iutra
630 2612 806 2696 hospitium
834 2610 921 2674 uude
948 2611 1180 2675 absentaverat
1207 2612 1392 2674 restitutam
1419 2610 1511 2673 rides
1540 2627 1573 2674 et
1604 2613 1743 2675 localem
1773 2633 1838 2675 uou
1871 2634 1952 2678 esse

246 2717 288 2778 13
298 2714 490 2778 contendis?
524 2714 581 2777 sed
604 2714 680 2799 quid
696 2736 758 2799 ego
774 2716 856 2779 haec
873 2715 914 2779 de
931 2715 1133 2800 corruptibili
1150 2715 1280 2778 homine
1296 2717 1420 2799 loquar.
1443 2737 1516 2777 cunr
1532 2715 1587 2778 ille
1609 2717 1726 2779 cuius
1749 2738 1845 2780 caro
1868 2739 1951 2782 uon

299 2819 407 2882 vidit
433 2819 735 2905 corruptionem
763 2819 1005 2882 immaculatam
1033 2818 1164 2902 quidem
1191 2821 1330 2882 animam
1357 2818 1554 2903 possederit.
1583 2819 1642 2883 sed
1664 2820 1817 2885 localem.
1848 2841 1952 2905 quant

297 2923 411 3005 utique
433 2923 518 2985 intra
542 2944 578 2985 se
601 2922 730 2987 habuit.
760 2923 888 3008 qnando
913 2923 1032 2986 affixus
1055 2924 1161 2986 estin
1184 2922 1344 3007 patibulo.
1376 2939 1469 2986 extra
1498 2946 1533 2987 se
1561 2924 1673 3009 procul
1701 2921 1802 2987 dubio
1824 2924 1951 2999 emisit,

298 3025 428 3109 quaudo
451 3026 550 3089 iacuit
572 3026 605 3088 in
628 3026 815 3111 sepulchro:
848 3025 1010 3112 quomodo
1033 3047 1097 3088 uon
1121 3037 1170 3089 est
1193 3026 1322 3089 localis.
1350 3046 1447 3109 quam
1477 3048 1552 3089 caro
1581 3028 1741 3091 continet.
1771 3029 1838 3090 vita
1867 3049 1950 3092 con-
1979 3042 2006 3082 ²³

247 3133 286 3191 11
298 3130 417 3213 iungit.
447 3151 533 3193 mors
558 3136 708 3215 separat?
752 3130 837 3214 quod
867 3131 912 3195 si.
942 3144 978 3192 ut
1001 3128 1098 3192 dicis.
1127 3129 1264 3192 localem
1288 3130 1516 3193 necessitatem
1540 3131 1720 3193 animarum
1742 3142 1861 3193 natura
1883 3151 1952 3195 uon

299 3234 432 3318 recipit.
456 3253 520 3296 nou
544 3232 661 3296 desunt
684 3254 763 3316 ergo
786 3248 820 3296 et
845 3232 886 3296 dc
909 3233 1044 3316 regione
1067 3232 1206 3317 paradisi
1230 3232 1307 3296 illae
1329 3254 1413 3318 quae
1436 3255 1567 3297 carcere
1589 3232 1786 3296 clauduntur
1806 3233 1952 3296 inferni?

298 3337 361 3401 dic.
384 3357 518 3420 quaeso.
543 3337 570 3399 si
593 3336 716 3398 locales
739 3356 805 3398 nou
828 3352 913 3399 sunt.
936 3335 1098 3419 quomodo
1121 3351 1313 3421 peccatores
1330 3358 1347 3398 a
1365 3338 1511 3400 coetibus
1532 3337 1768 3420 consortiisque
1785 3338 1952 3401 iustorum

298 3454 426 3502 vastum
456 3437 534 3501 illud
566 3437 666 3500 chaos
694 3438 779 3500 tristi
812 3439 1039 3503 interiectione
1068 3439 1283 3503 discriminat.
1322 3451 1363 3502 ut
1399 3460 1525 3524 neque
1555 3440 1649 3503 hinc
1681 3439 1758 3503 illo
1787 3441 1953 3525 possint

247 3542 492 3606 rsaecedere
533 3562 660 3625 neque
692 3540 790 3604 inde
825 3542 900 3605 hue
933 3550 1202 3607 transmeare?
1257 3545 1321 3606 iam
1356 3542 1436 3606 illud
1470 3543 1769 3607 manifestissimum
1803 3552 1869 3615 est.
1908 3554 1949 3607 ut
1976 3558 2004 3595 ³⁰

298 3646 482 3730 quantitate
509 3645 825 3708 circumscribantur.
855 3667 938 3731 quae
971 3648 1087 3732 spatiis
1117 3649 1335 3711 eontinentur.
1381 3648 1408 3710 si
1431 3647 1595 3730 agnovisti
1626 3647 1769 3710 animam
1797 3646 1950 3713 loc-alem.

299 3749 442 3813 concede
470 3769 669 3832 corpoream.
715 3748 766 3811 dic
797 3749 891 3813 mihi.
922 3771 1006 3813 anne
1037 3753 1110 3836 ipsa
1138 3752 1273 3832 gloriosi
1301 3753 1407 3813 anima
1437 3749 1655 3834 redemptoris
1682 3749 1785 3812 nostri
1813 3750 1951 3834 reliquit

247 3860 289 3917 16
300 3852 471 3915 mundum.
500 3850 630 3934 quaudo
657 3850 846 3915 conscendit
875 3852 916 3916 ad
943 3854 1089 3917 caelum?
1134 3875 1197 3935 ego
1220 3869 1329 3916 autem
1353 3874 1394 3916 ue
1417 3853 1552 3937 angelos
1575 3852 1706 3937 quidem
1731 3852 1850 3915 locales
1874 3872 1950 3917 esse

299 3954 531 4018 dubitaverim.
564 3975 645 4038 quos
675 3968 800 4017 certum
829 3967 880 4018 est
908 3978 993 4019 uuue
1021 3956 1052 4019 in
1082 3957 1280 4020 caelestibus
1303 3957 1475 4020 contineri.
1505 3978 1590 4019 nunc
1615 3956 1785 4041 perceris
1808 3976 1949 4020 racuum

300 4059 389 4121 ferri.
412 4079 497 4120 nunc
519 4057 561 4120 ad
584 4069 715 4121 terrena
737 4057 871 4125 dimitti:
894 4081 974 4143 quos
998 4081 1105 4124 sermo
1126 4059 1255 4122 divinus
1279 4058 1560 4123 ascendentes
1583 4076 1624 4123 et
1646 4059 1948 4124 descendentes
1975 4073 2001 4112 ⁸³

299 4163 332 4224 in
356 4161 558 4247 patriarchae
582 4162 708 4225 risione
730 4160 901 4227 describit.
932 4165 987 4248 qui
1009 4164 1136 4247 utique.
1166 4164 1194 4225 si
1223 4163 1344 4227 locales
1373 4184 1438 4225 uon
1469 4178 1580 4226 essent
1610 4174 1645 4225 et
1671 4162 1793 4247 ubique
1822 4171 1949 4239 esseut.

401 4422 437 4473 22
455 4423 516 4474 scr.
534 4421 570 4475 11.
586 4424 629 4475 31.
715 4420 835 4475 1111111.
854 4421 986 4475 mes
1072 4423 1194 4475 3151111.
1215 4419 1342 4475 mur.
1361 4422 1402 4474 12.

405 4564 514 4630 lipsum
528 4564 553 4613 G
613 4564 764 4613 commercio
777 4563 810 4612 J!
866 4564 966 4613 actione
984 4559 1130 4629 miscemus]
1144 4561 1178 4611 11
1192 4562 1334 4624 (miscimus
1346 4562 1483 4615 1111111111.
1503 4563 1747 4612 actionescimnsG
1840 4561 1859 4612 2
1878 4564 1950 4630 loqui

299 4650 348 4715 me]
370 4652 499 4716 loquimur
519 4650 543 4699 G
637 4647 731 4715 meam]
754 4668 803 4700 ors.
822 4650 855 4699 J!
946 4646 1018 4716 uero]
1042 4667 1090 4698 cnr.
1112 4648 1135 4699 G
1267 4646 1284 4697 1
1306 4649 1493 4698 reminiscimur
1512 4646 1543 4695 ,11
1671 4645 1689 4696 5
1712 4649 1904 4700 reminimcutes
1924 4649 1949 4700 G

298 4738 333 4803 et]
354 4755 463 4804 quorum
481 4736 544 4786 add.
559 4736 590 4795 G,
608 4737 711 4786 memini
724 4736 810 4801 suppl.
823 4731 921 4786 Hcrtcl
1018 4734 1046 4784 ll
1066 4733 1138 4802 ergo]
1157 4753 1205 4785 ost.
1219 4734 1252 4784 ,11
1312 4736 1478 4800 cogitaciouis
1491 4735 1515 4784 G
1613 4732 1644 4784 12
1662 4735 1730 4784 uitae
1743 4760 1775 4769 -
1787 4733 1900 4802 liberati]
1915 4736 1949 4798 G,

299 4827 377 4875 uitam
396 4824 570 4874 -libertatis
590 4822 723 4887 (plerique.
740 4823 808 4873 uitae
827 4850 859 4857 —
877 4823 1019 4873 libertatem
1038 4821 1120 4887 Lipr.)
1141 4821 1179 4873 11,
1201 4824 1270 4872 uitae
1290 4849 1321 4855 —
1339 4822 1465 4871 libertatis
1483 4821 1548 4870 mvii.
1567 4819 1706 4870 ,Gemma
1783 4821 1896 4870 nitrioria
1913 4820 1945 4870 ,11

307 4912 434 4976 plerique.
455 4911 577 4959 nutrioris
594 4909 650 4959 cod.
669 4908 753 4958 Puris.
772 4928 812 4958 ur.
831 4910 922 4960 111111.)ι
1041 4908 1074 4959 13
1092 4911 1170 4975 missit
1191 4912 1214 4958 tr'
1294 4927 1342 4960 ltus
1360 4912 1383 4958 G
1500 4908 1532 4958 15»
1554 4925 1646 4958 sensus
1662 4925 1724 4959 suos
1741 4904 1825 4973 uelut]
1843 4926 1893 4958 ost.
1910 4907 1950 4968 M,

297 4995 597 5061 praecellentiorem
666 4996 775 5061 quadam
790 4998 814 5045 G
887 4993 942 5061 aut]
961 5013 990 5046 ac
1008 4995 1039 5044 ,11
1154 4994 1186 5045 16
1208 4995 1364 5060 occupandis
1384 4996 1432 5045 (θ’.
1449 5013 1517 5044 corr.
1593 4995 1661 5044 claui
1681 4993 1705 5043 G
1779 4990 1830 5059 sui]
1849 5011 1897 5043 ora
1918 4992 1950 5043 ,11

301 5080 331 5131 li
355 5083 424 5131 illam
443 5083 476 5132 J!
541 5079 635 5144 denuo]
657 5082 689 5131 dc
707 5099 759 5131 uuo
777 5081 808 5131 J!
919 5080 953 5131 18
975 5092 1094 5131 morante
1115 5082 1164 5143 G',
1186 5092 1300 5132 morante
1321 5082 1361 5129 (ι’ι
1475 5079 1506 5129 19
1530 5075 1642 5144 rursum}
1666 5080 1758 5129 iterum
1777 5078 1809 5128 ,11
1883 5081 1951 5130 iutra

298 5166 456 5233 exarcituum}
481 5180 553 5218 extra
575 5169 689 5217 animum
710 5167 733 5216 G
822 5168 884 5217 illuc
902 5167 937 5215 ,11
1019 5164 1097 5232 unde]
1120 5185 1147 5218 sc
1169 5166 1284 5217 1111111
1407 5163 1442 5215 :b
1463 5161 1602 5230 tamquam}
1625 5183 1702 5231 quam
1722 5166 1745 5214 G
1834 5166 1950 5233 deposita

300 5255 448 5320 {depositam
468 5254 549 5318 Lipw
567 5253 600 5303 J!
722 5252 754 5302 21
779 5251 858 5319 uude}
883 5271 910 5304 sc
933 5253 994 5302 add.
1014 5252 1056 5313 11,
1079 5272 1126 5303 ort.
1148 5254 1299 5319 1111111111.
1319 5252 1350 5301 ,11
1438 5252 1537 5302 absenti
1550 5252 1663 5312 {lauerat
1684 5252 1707 5302 G
1797 5248 1831 5316 ut]
1853 5270 1904 5302 on.
1926 5252 1950 5303 G

298 5340 548 5391 2211111111ωο
599 5340 700 5407 crgoG
785 5337 819 5389 24
837 5336 962 5407 patibulo]
981 5341 1015 5393 tt'.
1028 5339 1066 5389 tt.
1080 5338 1221 5390 Mamertus
1238 5340 1325 5393 111..··›
1346 5339 1395 5402 (ecl.
1411 5337 1578 5403 Eugrclbrtelrt
1595 5337 1689 5402 11161,1
1743 5335 1826 5404 extra]
1844 5340 1911 5389 iutra
1925 5338 1950 5389 G

298 5425 333 5477 25
349 5427 483 5492 coniungit
502 5427 554 5475 uita
574 5428 598 5475 G
712 5423 747 5476 26
764 5427 787 5475 si
804 5423 843 5491 ut]
861 5427 927 5476 sicut
942 5426 966 5475 G
983 5433 1006 5475 ct
1024 5423 1095 5489 Lr'pa.
1109 5424 1140 5473 ,11
1258 5424 1291 5475 21
1310 5426 1405 5492 recepit
1426 5425 1464 5473 G¹
1585 5421 1658 5472 21111
1679 5450 1710 5458 -
1729 5422 1764 5473 311
1781 5421 1947 5488 harmiscare}

298 5514 384 5561 (11111111
403 5512 597 5561 (1.111111111111
616 5512 673 5563 111.
690 5522 707 5562 lt
725 5512 775 5575 (ed.
794 5511 962 5577 Errqelbrceht
975 5509 1075 5576 11111111
1203 5509 1237 5560 211
1260 5529 1372 5563 uacuum
1393 5511 1430 5559 (1.
1444 5510 1586 5560 ,ltnocrrm
1605 5511 1622 5558 1.
1636 5511 1653 5559 1.
1740 5509 1806 5560 illud
1828 5510 1950 5576 [1111111111

298 5597 333 5649 'dl
350 5600 437 5649 anima
454 5598 559 5663 gloriosi
571 5597 605 5646 ,11
692 5595 727 5648 33
744 5597 950 5650 consurrexisti
965 5597 1087 5662 (surrexit
1100 5596 1183 5663 Lipr.)
1274 5597 1308 5649 :tt
1326 5595 1375 5664 cst]
1388 5615 1437 5648 cst.
1452 5600 1475 5647 (ι’
1532 5614 1613 5647 uacua
1627 5596 1659 5646 ,11
1748 5594 1783 5646 36
1797 5597 1913 5648 discribit
1927 5598 1952 5648 G

299 5683 357 5752 qui]
375 5702 424 5735 οι
445 5685 468 5735 G
