4462 6216
908 329 1050 383 aunlull
1068 328 1327 385 EPISTULARUM

206 590 240 664 G
1063 589 1170 654 LVII.

768 725 880 790 ITEM
902 724 1013 790 ALIA
1035 724 1210 792 RURIOII
1232 726 1294 792 AD
1319 725 1468 791 IPSUM.

243 850 256 908 l
400 827 507 921 Auru
530 855 617 920 diem
640 875 736 940 quam
760 855 887 918 litteras
910 860 1040 918 vestrae
1056 829 1247 920 'sanctitatis
1271 855 1469 940 acceperim,
1500 857 1802 944 compresbyterum
1827 881 1952 939 meum,

293 957 387 1035 sicut,
411 959 481 1043 ipso
505 958 679 1037 referente,
703 958 852 1043 poteritis
875 978 1067 1042 agnoscere,
1092 958 1133 1023 ad
1157 960 1407 1043 germanitatem
1424 966 1566 1024 vestram
1589 961 1622 1024 in
1646 960 1762 1026 eadem
1786 983 1853 1050 qua
1868 963 1953 1028 mihi

292 1060 469 1146 scripsistis
493 1083 593 1126 causa
616 1061 816 1137 direxeram,
845 1067 895 1140 ut,
926 1061 1002 1146 quia
1024 1061 1104 1125 mihi
1126 1083 1193 1125 non
1216 1062 1319 1126 solum
1343 1063 1413 1147 ipse
1436 1061 1524 1126 tilius
1547 1067 1658 1127 noster
1680 1062 1865 1150 Eparclrius
1889 1067 1951 1132 sed
1990 1083 2003 1119 ⁵

292 1164 392 1228 etiam
427 1166 530 1231 frater
564 1186 641 1230 suus
675 1164 829 1229 flebiliter
869 1186 928 1251 per
966 1165 1095 1229 litteras
1135 1165 1371 1251 supplicarent,
1413 1166 1612 1251 apostolatui
1644 1173 1753 1232 vestro
1794 1178 1954 1255 precator

240 1267 259 1327 2
291 1265 495 1334 accederem.
541 1268 659 1354 quibus
683 1274 716 1332 et
746 1268 950 1332 confessione
980 1269 1097 1354 culpae
1127 1275 1159 1333 et
1188 1268 1418 1354 deprecatione
1442 1268 1558 1333 veniae
1589 1274 1623 1334 et
1651 1273 1951 1356 consanguinitatis

292 1368 413 1434 affectu
442 1372 629 1457 compulsus
657 1371 792 1450 indulsi,
823 1371 898 1456 quia
925 1392 983 1435 vos
1013 1372 1092 1436 mihi
1123 1394 1222 1458 super
1250 1373 1310 1436 bac
1339 1394 1373 1437 re
1403 1372 1582 1457 scripturos
1612 1392 1685 1437 esse
1715 1394 1782 1437 non
1811 1375 1950 1443 credidi.

240 1472 259 1533 3
292 1471 350 1536 sed
373 1475 449 1560 quia
471 1474 689 1539 humilitatem
712 1495 818 1539 meam
842 1473 966 1559 dignati
991 1477 1071 1539 estis
1095 1496 1153 1561 pro
1178 1496 1323 1560 eaquae
1348 1475 1432 1539 inter
1454 1496 1513 1539 nos
1537 1480 1589 1539 est
1611 1473 1672 1539 deo
1694 1477 1835 1562 propitio
1860 1481 1949 1545 cari-

289 1582 358 1641 tate
383 1580 566 1658 consulere,
590 1586 626 1643 ut
648 1578 752 1658 vobis,
777 1586 884 1641 utrum
907 1578 993 1642 iusta
1016 1584 1106 1643 esset
1129 1585 1238 1643 vestra
1260 1577 1431 1656 districtio,
1460 1578 1542 1642 meis
1565 1578 1770 1663 potissimum
1794 1581 1949 1668 apicibus
1978 1598 2004 1637 ¹⁰

291 1678 483 1760 indicarem,
515 1682 597 1746 sciat
626 1682 764 1746 domnus
793 1702 902 1763 mens,
934 1681 1020 1767 quod
1053 1703 1114 1767 ego
1145 1682 1267 1746 factum
1296 1689 1442 1746 vestrum
1472 1687 1505 1746 et
1534 1681 1635 1768 probo
1667 1690 1700 1747 et
1730 1685 1882 1751 collaudo
1916 1694 1952 1752 et

292 1782 505 1849 vehementer
531 1784 688 1859 admiror;
718 1785 810 1869 quia,
841 1783 918 1848 dum
948 1786 1004 1849 uni
1034 1786 1067 1849 in
1096 1785 1270 1870 desperato
1292 1805 1352 1869 per
1382 1783 1636 1850 admonitionem
1660 1785 1760 1871 gladii
1784 1789 1947 1875 spiritalis

290 1907 349 1971 pro
372 1885 538 1952 reddenda
561 1888 668 1952 salute
691 1886 847 1951 intulistis
871 1885 1028 1967 dolorem,
1052 1887 1162 1951 multis
1187 1886 1369 1951 contulistis
1390 1887 1623 1972 languentibus
1640 1890 1829 1955 sanitatem:
1853 1894 1950 1959 multi

239 1994 258 2052 4
291 1990 411 2054 etenim
435 1991 469 2054 in
485 1991 636 2065 ecclesia,
661 1991 715 2076 qui
732 1991 838 2054 curari
855 1996 1021 2077 nequeunt
1036 1989 1148 2069 verbo,
1172 1996 1329 2054 sanantur
1345 1991 1508 2076 exemplo.
1546 1997 1708 2076 superest,
1732 1995 1947 2062 severitatem

292 2093 514 2158 misericordia
548 2093 776 2179 subsequatur,
810 2098 847 2156 ut
881 2093 1046 2179 recipiatis
1082 2093 1218 2158 lenitate
1249 2094 1352 2178 patris
1386 2114 1482 2178 quem
1513 2094 1717 2179 corripuistis
1748 2099 1949 2166 auctoritate
1977 2115 2002 2154 ¹⁵

291 2196 467 2281 pontilicis,
499 2202 532 2262 et
561 2198 655 2262 iuxta
685 2197 776 2261 illum
806 2197 1032 2281 evangelicum
1060 2195 1255 2275 invocantis,
1286 2217 1382 2280 quem
1410 2218 1470 2261 nos
1498 2218 1558 2282 per
1588 2198 1698 2262 omnia
1728 2207 1762 2265 et
1790 2202 1883 2287 sequi
1915 2213 1950 2270 et

291 2303 420 2386 oportet
442 2299 572 2375 imitari,
596 2299 651 2385 qui
672 2298 739 2364 lilio
763 2306 919 2385 paternae
943 2299 1148 2364 substantiae
1170 2299 1336 2365 decoctori
1359 2307 1392 2365 et
1415 2301 1541 2365 facinus
1565 2302 1730 2367 confitenti
1752 2324 1819 2370 non
1839 2307 1948 2373 solum

290 2403 420 2467 veniam
444 2404 623 2467 clementer
645 2403 817 2490 impertiit,
848 2424 961 2468 verum
986 2404 1085 2467 etiam
1107 2403 1276 2489 pristinam
1307 2403 1445 2488 gratiam
1473 2402 1614 2470 libenter
1643 2404 1793 2487 indulsit,
1822 2416 1856 2474 et
1885 2433 1949 2476 nos

291 2505 524 2570 condoleamus
545 2506 654 2591 lapso,
686 2506 917 2570 subveniamus
940 2507 1065 2585 attrito,
1097 2506 1335 2591 amplectamur
1361 2528 1543 2588 reversum,
1576 2508 1737 2573 laetemur
1765 2511 1950 2581 inventum.

239 2611 258 2669 5
290 2607 378 2693 quod
401 2614 434 2673 et
456 2610 676 2695 apostolatum
700 2615 845 2674 vestrum
869 2614 1046 2693 propterea
1067 2608 1187 2673 fecisse
1212 2616 1320 2673 certus
1349 2632 1437 2690 sum,
1467 2617 1503 2674 ut
1530 2612 1697 2696 paululum
1725 2612 1948 2682 infirmantem
1976 2630 2002 2671 2⁰

290 2711 391 2776 filium
423 2711 642 2776 excluderetis
666 2733 685 2775 a
711 2718 831 2793 matre,
864 2718 899 2776 ut
930 2733 1004 2776 enm
1032 2712 1095 2799 ipsi
1125 2718 1202 2798 post
1231 2712 1393 2777 modicum
1422 2715 1641 2779 restitueretis
1669 2716 1882 2801 incolumem,
1915 2729 1950 2787 et

290 2836 364 2879 cum
390 2815 630 2880 contristaretis
653 2815 694 2880 ad
718 2823 857 2902 tempus,
881 2815 921 2881 de
945 2836 1008 2901 quo
1031 2816 1176 2901 gaudere
1201 2817 1429 2903 concupiscitis
1453 2817 1486 2881 in
1509 2823 1688 2885 aeternnm.

1055 3072 1180 3139 LVIII.

579 3210 795 3278 RURIOIUS
819 3210 1066 3276 EPISGOPUS
1088 3209 1212 3276 FILIO
1238 3211 1416 3276 SEVERO
1440 3210 1664 3280 SALUTEM.

242 3336 253 3394 l
396 3311 651 3406 Nnnnnnnnvrrn
688 3347 830 3405 nostram
868 3346 966 3425 atque
1005 3340 1168 3426 pigritiam
1206 3361 1263 3403 vos
1304 3341 1485 3421 excusatis,
1525 3363 1589 3406 non
1625 3342 1778 3426 arguitis,
1814 3352 1850 3410 et
1887 3368 1950 3412 nos
1976 3362 2002 3403 ²⁵

237 3445 257 3506 2
288 3442 457 3509 beneficiis
481 3451 516 3508 et
538 3444 654 3507 officiis
677 3444 795 3508 vostris
819 3445 1027 3529 agnoscimus
1051 3443 1225 3508 debitores.
1262 3443 1320 3508 sed
1344 3445 1411 3509 scio
1435 3445 1497 3510 hoc
1520 3445 1647 3511 siccem
1670 3468 1780 3513 amore
1804 3469 1868 3534 quo
1885 3472 1947 3517 nos

289 3547 423 3632 diligitis
451 3548 561 3613 facere
590 3556 688 3635 atque
716 3550 878 3633 perfecto,
910 3550 987 3634 quia
1017 3570 1132 3634 parum
1161 3554 1211 3613 est
1234 3550 1360 3613 caritati
1384 3555 1527 3628 vostrae,
1559 3549 1646 3634 quod
1668 3550 1763 3615 nobis
1787 3551 1946 3636 tribuitis,

290 3650 366 3715 dum
401 3656 487 3715 totos
523 3673 580 3716 vos
615 3652 710 3717 nobis
745 3659 779 3715 et
813 3652 931 3716 cotidie
964 3651 1154 3737 impendere
1191 3651 1396 3717 desideratis.
1448 3650 1506 3716 sod
1538 3651 1632 3716 nobis
1669 3653 1747 3717 satis
1778 3673 1947 3742 superque

238 3754 256 3817 3
289 3753 455 3818 sufficeret
480 3754 712 3820 benevolentia
735 3761 800 3819 tam
824 3757 965 3841 prompti
989 3756 1102 3831 animi,
1133 3755 1260 3818 etiamsi
1284 3754 1457 3819 assiduitas
1482 3755 1613 3818 deesset
1636 3753 1797 3840 obsequii.
1844 3759 1947 3840 unde,

290 3855 486 3921 salutatione
503 3857 659 3942 depensa,
685 3858 807 3943 gratias
830 3880 891 3943 ago
906 3858 1072 3922 uberrime
1093 3857 1207 3942 pietati
1224 3865 1363 3938 vestrae,
1382 3856 1465 3943 quod
1483 3879 1561 3940 erga
1576 3878 1627 3920 me
1644 3856 1749 3922 bonae
1765 3863 1948 3929 memoriae
1975 3877 2002 3916 ³⁰

292 3960 393 4045 patris
418 3960 520 4024 vestri
546 3982 608 4025 non
633 3962 737 4026 solum
762 3963 922 4042 retiactis,
946 3961 1004 4026 sed
1027 3962 1126 4026 etiam
1150 3960 1274 4025 vicistis
1297 3962 1460 4026 affectum.

1070 4219 1159 4287 LIX.

515 4353 731 4420 RURIOIUS
754 4352 1001 4420 EPISOOPUS
1025 4355 1148 4421 FILIO
1173 4354 1466 4422 STHORAOHIO
1491 4354 1714 4420 SALUTEM.

240 4494 250 4553 1
395 4472 484 4565 Aeo
508 4508 606 4587 atque
629 4502 736 4566 babeo
759 4502 876 4567 uberes
900 4502 1022 4586 gratias
1046 4501 1162 4587 pietati
1184 4511 1331 4580 vestrae,
1362 4501 1446 4586 quod
1474 4523 1532 4564 nos
1560 4501 1805 4586 neglegentiam
1834 4500 1946 4565 samu·

288 4604 393 4668 lorum
422 4611 605 4669 nostrorum
634 4605 753 4670 rescire
780 4605 920 4685 fecistis,
950 4604 1026 4668 dum
1056 4605 1302 4673 subvectionem
1332 4627 1526 4690 congruam,
1556 4625 1653 4689 quam
1682 4605 1774 4669 nobis
1803 4605 1946 4670 callidus
1973 4618 1999 4658 ³⁵

392 4813 424 4865 16
443 4809 507 4865 Luc.
527 4810 587 4864 XV.

389 4932 540 4986 2rurici0
635 4930 1104 5001 300mprosbyterum11r'osetiotom,
1118 4935 1426 5002 ffmfflafflffrm
1521 4930 1950 5000 lquibus11aujotaan,quio,

286 5022 329 5073 cui
347 5022 413 5073 coni.
428 5022 570 5071 Mommsen
634 5021 859 5072 molacianense
958 5019 992 5071 10
1009 5020 1048 5089 nt]
1068 5021 1227 5088 Iattjolranm
1244 5021 1306 5072 eto
1406 5018 1438 5070 11
1457 5016 1615 5084 (1111111111]θ
1714 5015 1746 5068 12
1763 5018 1792 5069 ia
1809 5018 1948 5085 desperato

286 5106 439 5173 (subaudias
463 5104 549 5173 casu)]
576 5106 641 5156 coni.
660 5105 816 5168 Mommsen,
842 5107 997 5173 indisperato
1017 5108 1040 5158 0
1144 5104 1276 5174 spiritalis]
1302 5108 1367 5159 coni.
1388 5107 1519 5170 Carrinas,
1549 5106 1662 5173 spiritale
1685 5122 1752 5156 corr.
1773 5105 1885 5171 spiritali
1907 5106 1949 5157 0¹

286 5191 778 5261 14superas11utmppl.Lrujotann
883 5191 915 5245 15
937 5193 1108 5244 lenitatomG
1213 5191 1245 5243 1ss
1267 5190 1422 5258 inuocantis]
1444 5193 1475 5255 G,
1497 5193 1622 5244 invocetis
1640 5190 1782 5242 eamdam
1800 5189 1950 5244 Momasson

286 5276 318 5330 17
337 5280 469 5346 oportittl
538 5275 674 5344 decoctori]
693 5278 801 5345 cf.I,2.
819 5278 861 5342 11,
875 5281 910 5329 23
1014 5278 1047 5329 18
1069 5280 1197 5346 impertiit,
1215 5277 1317 5346 nerum]
1339 5280 1465 5341 Cantetur,
1483 5280 1584 5346 inparti.
1602 5277 1734 5330 itommG
1840 5274 1873 5327 19
1891 5294 1949 5330 am·

286 5365 769 5432 51111111111111.11111111111111111111ι
857 5362 890 5415 21
909 5362 1099 5431 111111]1.ἱ.(11
1152 5366 1351 5417 incolomenoG
1442 5365 1476 5417 25
1494 5383 1541 5416 uos
1559 5365 1697 5428 excusatis,
1716 5358 1779 5427 uon]
1792 5360 1952 5429 Mommsen,

284 5469 337 5503 non
354 5469 402 5503 uos
419 5453 586 5504 excusatis&
682 5448 717 5501 28
735 5448 793 5516 uos]
812 5450 912 5502 suosG
1009 5448 1044 5501 29
1061 5448 1126 5517 tam]
1145 5450 1304 5517 thtjolrcnn,
1322 5452 1443 5518 quamG
1500 5452 1600 5504 etiamsi
1616 5445 1761 5514 assiduitas]
1776 5447 1943 5516 majolum,

284 5539 361 5589 otiam
386 5539 493 5589 siduitas
513 5542 550 5601 G,
576 5548 603 5590 et
622 5537 761 5590 assiduitas
784 5537 915 5600 Carcinus,
945 5537 992 5588 atsi
1019 5538 1154 5588 assiduitas
1174 5537 1317 5588 Mommsen
1456 5536 1492 5589 30
1512 5539 1654 5589 uberrimae
1676 5537 1699 5586 G
1797 5536 1903 5601 pietatis
1926 5538 1951 5589 0

284 5623 315 5674 31
333 5624 454 5691 patrssG
557 5620 844 5689 massenutinae.
863 5620 1062 5695 cl'rnoprirnoc
1166 5624 1201 5676 35
1219 5624 1323 5692 rescire]
1338 5626 1497 5692 Lr'iu'oboun,
1515 5627 1614 5677 nescire
1631 5626 1662 5688 0,
1678 5625 1743 5675 sciro
1756 5622 1883 5690 Bouropc
