4462 6216
826 367 934 423 LIBER
951 367 998 432 lx,
1017 368 1110 436 9510
1126 397 1159 407 —
1178 368 1277 436 1152.
1819 370 1880 432 159

231 537 416 603 conficiunt.
462 538 520 603 sed
543 540 605 604 hoc
627 541 831 626 temporibus
854 540 926 605 istis
949 541 1010 605 sub
1035 545 1111 606 tuae
1138 547 1264 606 tantum
1289 541 1341 605 vel
1363 541 1639 627 contemplatione
1660 540 1881 605 eonscientiae
1896 543 1934 604 16

231 642 282 707 vel
305 641 425 706 virtute
454 641 633 708 doetrinae.
679 664 754 708 narn
782 644 855 730 quis
883 645 1013 729 aequali
1037 645 1178 730 vestigia
1204 651 1262 709 tua
1283 664 1401 728 gressu
1425 649 1591 729 sequatur,
1621 644 1672 708 eui
1696 643 1807 708 datum
1830 648 1882 707 est

231 744 291 809 soli
321 745 411 829 loqui
439 746 557 810 melius
585 767 681 831 quam
711 746 881 826 didiceris,
914 749 1024 812 rivere
1054 747 1171 813 melius
1201 768 1297 834 quam
1325 746 1486 832 loquaris?
1532 747 1684 831 quocirca
1710 747 1827 811 merite
1849 753 1882 811 te

231 848 457 913 beatissimum
481 848 557 914 boni
580 870 692 914 omnes
715 851 812 935 idque
837 872 937 936 supra
958 871 1072 916 omnes
1095 856 1152 915 tua
1174 855 1372 937 tempestate
1402 850 1692 931 concelebrabunt,
1720 850 1812 915 cuius
1835 850 1882 913 ita

195 951 328 1017 adieris
358 953 426 1018 vita
452 955 613 1039 factisque
642 953 813 1040 dupliciter
839 955 1004 1035 inclaruit,
1035 961 1087 1036 ut,
1117 953 1246 1040 quando
1277 953 1410 1038 quidem
1440 959 1514 1018 tuos
1543 973 1646 1017 annos
1677 952 1743 1017 iam
1765 953 1884 1018 dextra

232 1056 466 1131 numeraverit,
496 1058 625 1123 saeculo
649 1056 857 1142 praedicatus
882 1065 952 1138 tuo,
977 1056 1211 1124 desiderandus
1235 1058 1357 1137 alieno,
1386 1064 1526 1144 utraque
1548 1056 1720 1122 laudabilis
1744 1057 1883 1138 actione,

230 1158 372 1225 decedas
395 1167 427 1225 te
453 1162 628 1226 relicturus
651 1163 808 1243 externis,
832 1170 890 1226 tua
911 1162 1081 1247 proximis.
1119 1183 1244 1227 memor
1260 1162 1362 1226 nostri
1381 1182 1455 1227 esse
1471 1160 1618 1247 dignare,
1642 1159 1772 1225 domine
1789 1183 1884 1249 papa.

1037 1453 1080 1519 X.

496 1591 706 1658 SIDONIUS
730 1591 907 1658 DOMINO
931 1592 1079 1658 PAPAE
1104 1591 1378 1658 APRUNOULO
1403 1592 1624 1658 SALUTEM.

339 1710 508 1804 Rsnmmr
538 1740 596 1804 tibi
625 1740 783 1824 epistulas
814 1761 904 1804 meas
936 1761 1033 1825 quern
1061 1741 1141 1805 mihi
1169 1747 1242 1806 tuas
1273 1741 1390 1806 offerre
1423 1763 1483 1827 par
1513 1743 1635 1814 fuerat;
1674 1761 1748 1804 nam
1785 1740 1887 1803 frater
1919 1742 1930 1800 l

186 1855 207 1892 ¹⁰
232 1848 345 1906 noster
368 1840 554 1906 Caelestius
584 1863 688 1929 nuper
716 1842 757 1907 ad
785 1850 818 1908 te
848 1864 999 1908 reversus
1029 1843 1070 1909 do
1093 1844 1279 1910 Biterrensi
1308 1843 1469 1930 quoddam
1491 1843 1570 1908 mihi
1595 1865 1696 1929 super
1718 1849 1805 1907 statu
1828 1843 1883 1906 In·

234 1946 347 2010 iuriosi
371 1945 474 2010 nostri
491 1946 658 2010 vinculum
681 1947 842 2011 cessionis
866 1947 985 2012 elicuit.
1024 1947 1110 2034 quod
1133 1947 1263 2034 quidem
1281 1949 1397 2033 scripsi
1413 1969 1478 2012 uon
1494 1949 1599 2012 minuo
1614 1953 1672 2011 tua
1687 1944 1884 2012 verecundia

234 2050 357 2114 fractus
389 2070 487 2134 quam
516 2050 699 2115 voluntate:
735 2070 876 2135 namque
907 2071 968 2116 nos
997 2052 1083 2116 ultro
1112 2057 1222 2116 vestro
1257 2050 1374 2137 pudori
1401 2052 1493 2137 quasi
1522 2049 1717 2137 quibusdam
1745 2047 1883 2135 pedibus

232 2153 384 2238 obsequii
406 2151 518 2217 decuit
540 2174 721 2218 occurrere.
766 2154 918 2237 quocirca
939 2175 991 2218 me
1014 2174 1142 2240 quoque
1166 2155 1296 2220 volente
1319 2155 1453 2240 posside
1476 2154 1653 2234 indultum,
1680 2151 1739 2218 sed
1762 2152 1883 2217 libera·
1916 2154 1936 2214 2

232 2257 308 2322 liter
331 2256 407 2342 (nec
432 2257 528 2337 cuim,
552 2264 589 2321 ut
611 2258 768 2343 suspicor,
798 2258 870 2342 plus
893 2258 1014 2344 aliquid
1037 2259 1099 2324 hoc
1122 2280 1244 2345 genere
1268 2259 1379 2324 solacii
1404 2260 1456 2324 vel
1479 2260 1549 2345 ipse
1573 2253 1759 2343 quaesisti),
1789 2276 1885 2341 quern

184 2374 206 2413 1⁵
233 2361 352 2425 litteris
375 2360 447 2424 istis
470 2381 534 2423 neu
558 2359 845 2425 commendatoriis
868 2362 974 2427 minus
991 2383 1089 2448 quam
1104 2363 1273 2428 refusoriis
1289 2364 1352 2426 iam
1368 2364 1515 2448 placatus
1531 2362 1676 2435 insinuo;
1701 2359 1748 2424 sic
1763 2365 1885 2439 tamen,

230 2471 267 2528 ut
289 2463 348 2527 tibi
371 2464 514 2543 assistat,
539 2464 600 2528 tibi
621 2471 746 2549 pareat,
770 2471 803 2528 te
826 2471 981 2550 sequatur
1003 2473 1101 2553 atque
1124 2473 1170 2548 ut,
1195 2468 1222 2530 si
1240 2466 1458 2551 permanserit
1474 2472 1592 2544 tecum,
1614 2465 1723 2529 neutri
1739 2469 1885 2526 nostrum

231 2566 393 2632 iudicetur
415 2566 567 2643 famulus,
591 2567 619 2630 si
642 2566 727 2632 forte
750 2567 950 2646 discesserit,
975 2575 1151 2654 quaeratur
1172 2569 1302 2653 utrique
1326 2567 1494 2653 fugitivus.
1536 2589 1663 2633 memor
1685 2566 1787 2631 nostri
1810 2585 1884 2630 csse

234 2670 379 2757 dignare,
404 2669 535 2734 domine
561 2690 655 2756 papa.

1031 2858 1090 2923 XI.

574 2996 785 3065 SIDONIUS
809 2997 990 3064 DOMINO
1014 2997 1163 3063 PAPAE
1185 2998 1304 3065 LUPO
1329 2997 1551 3065 SALUTEM.

179 3151 205 3190 ‘2⁰
343 3115 508 3208 Paorrsa
540 3144 703 3226 libellum,
737 3167 834 3231 quern
869 3166 933 3210 non
967 3145 1009 3210 ad
1038 3168 1096 3211 vos
1126 3147 1231 3232 magis
1263 3168 1360 3232 quam
1391 3166 1451 3232 per
1479 3167 1537 3210 vos
1567 3145 1702 3209 missum
1734 3142 1885 3229 putastis,
1922 3146 1934 3205 l

234 3247 410 3333 epistulam
437 3253 581 3312 vestram
613 3271 680 3315 non
710 3251 751 3316 ad
780 3273 832 3316 rne
863 3252 967 3336 magis
998 3270 1094 3336 quam
1124 3251 1155 3314 iu
1185 3270 1238 3315 me
1269 3251 1421 3335 scriptam
1451 3249 1571 3336 recepi.
1617 3247 1658 3312 ad
1687 3245 1888 3332 exprobrata

233 3349 417 3436 respondeo
441 3371 498 3436 pro
524 3354 689 3438 aequitate
715 3375 843 3430 causae,
868 3374 933 3419 non
956 3374 1015 3440 pro
1038 3353 1238 3439 aequalitate
1261 3352 1447 3418 facundiae.
1487 3372 1682 3437 quamquam
1705 3351 1777 3436 quis
1800 3370 1887 3413 nunc

234 3475 297 3538 ego
321 3460 378 3517 aut
400 3460 542 3538 quantus
563 3458 618 3540 qui
633 3478 732 3542 agere
748 3478 957 3543 praesumam
972 3456 1067 3521 robis
1084 3457 1319 3543 imputantibus
1334 3457 1564 3521 innocentem?
1599 3454 1750 3539 quocirca
1765 3452 1886 3518 delicto

233 3557 323 3637 huic,
359 3558 691 3646 quantulumcumque
721 3568 787 3641 est,
824 3564 909 3626 inter
939 3561 1101 3646 principia
1130 3559 1300 3625 confestim
1332 3560 1482 3647 supplico
1514 3558 1655 3644 ignosci,
1688 3554 1886 3621 diffidentiae

182 3675 201 3713 2·
236 3668 376 3742 tantum,
412 3683 477 3725 non
508 3670 541 3727 et
573 3664 747 3751 superbiae
777 3665 885 3730 lassus
915 3686 1070 3730 errorem.
1115 3685 1190 3729 nam
1223 3685 1295 3729 cum
1327 3663 1407 3727 mihi
1435 3663 1526 3749 rigor
1554 3681 1713 3726 censurae
1745 3665 1823 3724 tuae
1854 3659 1887 3722 in
1919 3661 1938 3721 2

236 3763 354 3829 litteris
382 3786 487 3849 aeque
510 3774 546 3831 ut
571 3768 629 3852 (in)
653 3768 798 3833 moribus
823 3768 865 3832 sit
887 3767 1092 3833 ambifariam
1121 3765 1448 3849 contremescendus,
1477 3767 1582 3830 fateor
1605 3768 1714 3828 tamen
1738 3763 1771 3826 in
1793 3761 1886 3826 volu-

239 3924 288 3931 ...-
503 3928 514 3933 -
542 3928 648 3934 .—---.

338 4021 497 4079 blnvenal.
517 4026 568 4077 sat.
587 4024 624 4087 ll,
644 4024 696 4077 248
706 4041 761 4092 sq:

647 4109 714 4164 felix
732 4110 877 4175 nimirum,
900 4110 949 4179 qui
967 4112 1012 4164 tot
1029 4125 1078 4178 per
1096 4109 1208 4162 saecula
1225 4110 1343 4162 mortem

648 4196 760 4251 distulit
777 4199 862 4266 atqm
880 4213 943 4251 snos
960 4195 1018 4249 iam
1036 4195 1134 4248 dextra
1153 4195 1299 4263 computat
1316 4209 1411 4247 annos.

340 4335 354 4384 1
374 4336 572 4402 cutemplatioua
589 4336 613 4386 P
732 4335 749 4387 2
770 4354 862 4404 gressu
883 4338 1035 4403 insequatur
1052 4335 1093 4399 (su
1111 4335 1138 4385 ia
1150 4337 1206 4402 flac
1224 4351 1297 4397 vcra,
1319 4334 1347 4384 in
1369 4333 1396 4383 in
1414 4349 1467 4383 ras.
1486 4333 1548 4383 add.
1567 4332 1600 4382 Μ
1603 4332 1624 4396 ²)
1644 4332 1700 4383 ΜΡ
1818 4328 1889 4382 3di·

236 4412 328 4507 ciberis
346 4455 375 4506 F
380 4456 387 4486 ¹
510 4454 528 4506 4
546 4458 606 4507 isra
623 4454 701 4519 (corr.
720 4475 751 4508 err
768 4458 816 4508 ista
834 4456 867 4507 Μ
871 4457 893 4522 ¹)
909 4460 983 4511 dictis
1001 4456 1085 4521 ΜΟΡ,
1107 4459 1183 4509 dietis
1200 4458 1236 4509 ita
1253 4456 1282 4507 F
1392 4451 1409 4506 5
1427 4453 1581 4522 duppliciter
1599 4454 1627 4505 F
1702 4469 1783 4504 annos
1801 4470 1850 4504 ono.
1870 4453 1893 4504 Ο

236 4591 316 4627 annos
338 4584 396 4627 tuos
416 4575 443 4625 F
538 4562 615 4628 dexia
632 4577 661 4626 F
791 4575 807 4627 6
828 4585 887 4629 tuos
909 4577 932 4640 (s
949 4576 1050 4628 indua-it
1069 4576 1092 4628 0
1097 4575 1118 4642 ¹)
1139 4577 1162 4628 0
1292 4573 1307 4625 'f
1331 4576 1474 4627 reiecturus
1496 4572 1553 4637 (alt
1572 4591 1587 4625 a
1605 4590 1671 4625 corr.
1689 4574 1717 4623 ia
1735 4572 1743 4622 i
1760 4571 1795 4621 Μ
1798 4571 1820 4637 ¹)
1840 4572 1894 4623 ΟΜ

235 4711 291 4746 osae
308 4695 414 4763 dignare
431 4697 532 4749 domine
549 4714 616 4763 papa
634 4714 681 4747 om.
702 4697 725 4747 O
798 4696 903 4765 dignare
921 4698 1022 4749 domine
1040 4715 1105 4764 papa
1122 4714 1171 4748 om.
1187 4696 1244 4746 ΜΡ
1319 4697 1420 4748 domins
1444 4711 1509 4762 papa
1530 4711 1578 4745 oar.
1597 4694 1626 4745 F
1743 4689 1759 4742 9
1782 4692 1891 4744 reddidit

236 4816 325 4882 culpo,
343 4817 438 4867 reddidi
457 4815 561 4868 MCFP
643 4825 702 4882 port
719 4834 788 4868 meas
806 4818 854 4884 leq.
872 4819 919 4871 tibi
937 4819 993 4869 dico
1011 4818 1039 4868 ia
1056 4817 1082 4868 P
1166 4817 1244 4902 michi
1263 4817 1286 4867 0
1345 4891 1351 4902 ὑ
1369 4823 1427 4867 tuas
1446 4814 1470 4879 (s
1487 4814 1550 4866 cdd.
1563 4813 1596 4864 Μ
1601 4812 1621 4879 ¹)
1639 4813 1669 4863 Μ
1791 4809 1832 4886 10Ι
1842 4813 1890 4864 bit·

236 4936 410 4987 tcrrensile
475 4937 590 4988 miehiG
655 4945 737 5016 stratu
749 4937 790 4987 F¹
897 4936 930 4988 12
948 4955 1050 5004 nanque
1063 4937 1096 4987 Μ
1162 4916 1209 4989 irio
1227 4937 1318 5005 pudori
1335 4916 1514 5012 ultrotroacp.
1527 4933 1567 4986 Ρι
1673 4930 1705 4984 13
1723 4890 1875 4999 obsequidf
1880 4932 1889 4962 ¹

1351 5015 1359 5044 l

236 5072 369 5108 occurrere
388 5055 428 5119 (oe
446 5057 473 5107 ia
490 5074 544 5108 rar.
563 5058 588 5108 P
595 5056 614 5122 ¹)
633 5057 658 5107 Ρ
766 5056 798 5108 14
817 5059 900 5110 solatii
919 5058 1001 5109 MFP
1107 5054 1140 5108 15
1158 5057 1369 5109 commendatoris
1389 5056 1424 5108 0ι
1537 5052 1568 5105 ll
1587 5072 1643 5107 csse
1660 5055 1767 5121 dignare
1789 5053 1890 5104 dominc

237 5194 303 5245 papa
319 5176 405 5227 ormO
508 5175 540 5227 18
557 5177 663 5244 dignare
682 5179 783 5229 domina
800 5196 866 5246 papa
884 5178 1002 5230 om.le
1069 5178 1171 5230 dominc
1188 5195 1255 5246 papa
1273 5194 1321 5228 om.
1335 5178 1363 5229 F
1465 5173 1497 5226 19
1515 5174 1635 5226 Sidonius
1647 5182 1669 5225 et
1682 5175 1791 5225 salutem
1804 5190 1852 5224 om.
1867 5171 1896 5223 F

235 5294 270 5349 20
289 5255 397 5365 putastis
404 5296 436 5344 Μ
442 5297 449 5326 ¹
555 5293 587 5345 21
607 5298 742 5363 epistulam
760 5314 838 5363 ucqrae
855 5298 985 5363 adquam
999 5305 1059 5364 port
1077 5315 1129 5349 ras.
1147 5301 1182 5349 20
1199 5298 1245 5349 lio.
1257 5298 1370 5363 repetivit
1382 5296 1421 5346 1²¹
1487 5293 1663 5362 exprobataO
1757 5288 1792 5342 22
1810 5309 1889 5358 quan·

236 5435 313 5485 cluam
331 5417 361 5467 Μ
473 5414 507 5467 24
525 5418 761 5485 quantulocumque
780 5417 809 5468 F
881 5426 920 5470 cat
936 5434 957 5469 a.
977 5419 994 5470 l.
1012 5417 1073 5469 orld.
1094 5418 1133 5468 Ρι
1246 5416 1281 5469 21)
1298 5424 1325 5469 et
1342 5417 1435 5468 nouG
1509 5414 1624 5466 michiO
1731 5410 1810 5464 26111
1828 5411 1890 5463 odd.

236 5538 295 5590 sdic
310 5537 410 5601 Borcti,
435 5554 483 5588 om.
500 5536 604 5587 rlfOFP
706 5539 798 5589 sittan
820 5538 938 5590 hilarum
960 5535 1052 5601 (urtam
1075 5536 1120 5588 tia.
1142 5553 1210 5588 croc.
1230 5536 1277 5601 0²)
1299 5535 1322 5585 0
1423 5533 1657 5587 contremiscendus
1680 5532 1760 5597 (corr.
1779 5549 1809 5585 a
1832 5548 1892 5585 eon·

236 5659 427 5713 tremesccndus
445 5657 476 5707 Μ
481 5657 502 5724 ¹)
520 5656 624 5712 MGFI’
