4462 6216
861 338 1212 410 Xthb—Xllfissss.
1795 346 1857 411 295

216 520 394 592 naturas,
432 522 473 579 ut
507 521 597 578 sunt
630 516 788 600 angeli,
826 516 1053 602 archangeli
1088 523 1327 601 ceteraeque
1362 517 1546 598 virtutes,
1585 518 1669 604 ipsa
1701 538 1857 604 quoque
1913 505 1999 578 GM

214 619 343 683 anima
366 624 501 682 nostre
524 621 589 683 vel
612 625 717 684 certe
742 641 808 684 aer
837 620 918 685 iste
951 621 1147 702 subtilis,
1179 630 1304 688 tamen
1335 625 1589 710 incorporeae
1619 625 1859 690 nullatenus

216 721 483 788 aestimandae
514 728 616 789 sunt.
662 723 810 787 babent
841 724 942 788 enim
972 725 1190 790 secundum
1221 748 1264 791 se
1300 748 1459 813 corpus,
1494 748 1569 812 quo
1604 728 1859 805 subsistunt,

215 825 313 890 licet
349 827 473 890 multo
512 832 550 890 et
586 827 952 911 incomparabiliter
989 828 1162 905 tenuius,
1201 850 1316 914 qnam
1354 838 1497 894 nostra
1535 840 1633 895 sunt
1671 852 1858 916 corpore,

177 944 188 978 ⁵
215 930 425 994 secundum
455 931 622 1016 apostoli
651 931 889 995 sententiam
919 931 1118 996 dicentis:
1151 939 1191 997 et
1220 953 1383 1019 corpora
1413 933 1606 998 caelestia
1634 939 1673 998 et
1696 955 1861 1020 corpora

216 1035 432 1099 terrestria.
477 1034 630 1118 quibus
653 1056 725 1119 pro
748 1034 958 1099 manifesto
983 1035 1200 1120 colligitur,
1229 1037 1337 1101 nihil
1360 1058 1455 1103 esse
1485 1039 1753 1124 incorporeum
1782 1037 1906 1102 nisi3l

216 1138 339 1201 solum
373 1138 485 1202 deum
526 1144 567 1204 ct
607 1137 769 1202 idcirco
802 1139 886 1224 ipsi
928 1141 1192 1205 tantummodo
1231 1162 1354 1226 posse
1395 1140 1689 1225 penetrabiles
1723 1162 1862 1206 omncs

216 1246 330 1324 atque
361 1241 666 1306 intellectuales
697 1262 791 1307 esse
822 1243 1095 1310 substantias.
1140 1266 1222 1330 quac
1252 1266 1324 1310 curn
1354 1245 1400 1309 ita
1423 1245 1502 1324 sint,
1534 1245 1636 1309 obicis
1660 1247 1754 1325 mihi,
1785 1247 1913 1312 ideo32

216 1344 357 1408 enimam
379 1366 443 1408 non
467 1365 540 1410 esse
565 1365 765 1430 corpoream,
797 1346 887 1431 quia,
917 1353 953 1410 ut
981 1347 1102 1412 dictum
1132 1355 1197 1428 est,
1230 1369 1290 1412 nec
1318 1349 1429 1413 localis
1460 1347 1502 1411 sit
1530 1369 1591 1412 nec
1620 1349 1776 1433 qualitate
1804 1356 1862 1414 ant

217 1447 398 1530 quantitate
434 1447 601 1511 subsistat.
652 1447 736 1533 quod
765 1449 855 1512 cuius
884 1450 1019 1535 periculi
1048 1450 1091 1515 sit
1119 1451 1165 1514 ita
1194 1451 1328 1517 credere
1357 1453 1389 1516 in
1419 1451 1694 1536 subseqnentibus
1728 1453 1912 1518 demon-33

218 1551 390 1622 strabitur:
414 1573 498 1616 nunc
522 1574 599 1616 vero
623 1553 655 1615 in
679 1552 739 1615 hoc
762 1559 920 1618 tractatus
944 1555 1043 1619 nostri
1066 1561 1180 1633 status,
1204 1555 1314 1619 habita
1337 1555 1550 1635 discussione,
1576 1554 1742 1641 pendebit,
1764 1561 1810 1634 nt,
1834 1555 1862 1619 si

216 1676 276 1720 nec
300 1654 410 1719 localis
435 1655 477 1718 sit
500 1675 559 1718 nec
582 1656 753 1740 quantitati
777 1656 955 1725 subiaceat,
978 1677 1050 1721 esse
1075 1678 1147 1722 eam
1170 1657 1256 1721 haud
1274 1658 1373 1723 dubie
1388 1660 1609 1743 incorpoream
1627 1657 1860 1734 concedamus3

217 1759 244 1823 si
273 1780 348 1822 vero
378 1780 449 1822 eam
479 1758 811 1823 demonstraverimus
843 1761 1026 1844 quantitate
1050 1761 1258 1826 determinari
1287 1762 1398 1826 locove
1429 1761 1593 1839 concludi,
1624 1767 1862 1845 consequenter

217 1884 290 1926 cam
314 1864 412 1927 ctiam
435 1883 570 1948 corpore
593 1863 765 1942 contineri,
796 1884 857 1928 nec
886 1866 957 1950 ipse
980 1865 1044 1929 iam
1067 1865 1208 1930 dubites.
1253 1867 1415 1951 quomodo
1445 1887 1509 1930 non
1537 1865 1651 1930 localis
1680 1871 1747 1943 cst,
1777 1885 1860 1949 quae
1872 1869 1912 1928 34

178 2004 182 2016 ·
216 1966 340 2030 inserta
362 1966 517 2031 membris
540 1975 573 2032 et
595 1967 731 2052 inligata
747 1967 927 2032 visceribus
947 1968 1026 2032 solis
1047 1969 1189 2034 motibus
1208 1991 1290 2055 vaga
1307 1968 1496 2035 condicione
1512 1969 1715 2033 substantiae
1733 1975 1862 2032 tenetur

218 2069 364 2134 inclusa?
402 2069 536 2155 quodsi
561 2070 698 2134 localem
721 2092 785 2135 non
809 2092 883 2135 esse
907 2072 1058 2150 animam,
1081 2071 1155 2136 idco
1178 2073 1389 2137 asserendum
1413 2079 1519 2159 putes,
1542 2071 1629 2157 quod
1650 2093 1710 2157 per
1731 2070 1861 2135 diversa
1871 2072 1912 2135 35

218 2173 368 2237 sensibus
391 2180 549 2259 evagetur
570 2183 604 2239 et
632 2174 885 2260 cogitationibus
914 2174 1092 2255 differatur,
1122 2177 1260 2262 primum
1284 2174 1539 2259 intellegendum
1564 2183 1628 2254 est,
1658 2174 1744 2259 quod
1773 2172 1860 2237 aliud

217 2278 259 2341 sit
274 2279 400 2341 animae
416 2285 530 2358 status,
553 2277 641 2341 aliud
657 2277 685 2341 is
702 2275 814 2362 quide
830 2278 940 2341 anima
959 2279 1103 2343 nascitur
1126 2280 1333 2364 cogitationis
1356 2279 1502 2343 allectus.
1538 2299 1635 2363 quam
1652 2277 1778 2343 obrem
1802 2283 1859 2341 eut

218 2381 280 2445 boc
303 2383 410 2467 potius
434 2381 669 2447 aestinrandum
694 2388 755 2461 cst,
786 2380 882 2465 quod,
906 2381 1085 2466 siquando
1109 2382 1171 2446 sibi
1194 2382 1315 2466 aliquid
1338 2382 1544 2466 imaginatur,
1567 2383 1670 2467 magis
1695 2401 1769 2445 cum
1792 2379 1859 2443 suis

163 2496 189 2534 ‘2⁰
215 2484 300 2548 intra
323 2491 428 2549 semet
450 2486 554 2571 ipsam
578 2485 720 2549 motibus
744 2490 932 2569 occupetur,
956 2492 989 2548 et
1005 2486 1031 2548 si
1047 2485 1125 2569 quid
1140 2485 1228 2549 aliud
1245 2490 1305 2565 est,
1329 2485 1415 2571 quod
1431 2485 1577 2570 aspicere
1594 2484 1730 2565 videtur,
1754 2483 1859 2569 magis

217 2590 248 2652 ei
271 2590 303 2653 in
327 2589 558 2654 recordationis
581 2590 714 2676 speculo
744 2588 956 2653 describatur.
1002 2610 1077 2653 nam
1106 2589 1234 2672 quando
1263 2589 1434 2654 absentem
1463 2609 1572 2652 carum
1604 2609 1698 2651 suum
1728 2588 1861 2672 cogitat,
1872 2591 1912 2652 36

217 2693 371 2778 numquid
395 2694 469 2767 iam,
498 2695 585 2757 velut
615 2693 686 2777 ipso
717 2700 905 2777 conspecto,
933 2691 1106 2757 desideriis
1130 2692 1311 2757 satisfecit?
1356 2699 1507 2757 autenm
1530 2691 1621 2755 verbi
1643 2692 1751 2775 gratia
1774 2692 1861 2757 Petri

217 2805 274 2860 aut
290 2797 384 2860 Pauli
408 2799 551 2883 speciem
576 2799 661 2861 intra
682 2795 803 2860 mentis
826 2816 945 2860 arcana
966 2795 1124 2881 depingit,
1149 2796 1304 2880 numquid
1321 2795 1431 2860 statim
1447 2796 1578 2859 intimas
1595 2792 1737 2880 paradisi
1754 2793 1860 2868 sedes,

218 2899 274 2963 ubi
306 2921 362 2964 eos
392 2923 466 2965 esse
497 2902 661 2980 novimus,
692 2899 897 2985 penetravit?
943 2906 999 2962 aut
1028 2919 1100 2961 cum
1134 2899 1195 2962 sibi
1224 2900 1257 2962 in
1287 2900 1384 2964 corde
1408 2899 1516 2963 divitis
1539 2900 1625 2962 illius
1650 2899 1795 2962 flammas
1819 2920 1861 2963 ex

165 3017 177 3056 2
218 3003 359 3068 lectione
383 3004 560 3090 proposuit,
585 3002 739 3088 numquid
763 3003 827 3065 iam
852 3001 893 3065 ad
916 3007 1152 3067 tormentorum
1176 3003 1245 3067 eius
1268 3003 1340 3067 loca
1356 3024 1394 3067 ac
1410 3002 1492 3066 vivis
1509 3001 1751 3067 inaccessibilia
1766 3001 1862 3066 interi

218 3107 379 3192 profunda
405 3106 594 3171 descendit?
639 3106 721 3170 haec
754 3105 860 3169 omnia
888 3106 1001 3191 procul
1031 3106 1129 3171 dubio
1160 3113 1217 3170 aut
1247 3128 1359 3170 secum
1387 3107 1473 3170 intra
1494 3105 1638 3190 pectoris
1661 3125 1781 3169 arcana
1803 3106 1913 3190 per3¹l

219 3211 325 3274 varias
348 3210 577 3275 similitudines
600 3210 693 3294 fingit
716 3216 772 3273 aut
795 3215 896 3287 certe,
920 3210 948 3273 si
971 3217 1065 3274 extm
1088 3211 1216 3274 animae
1238 3208 1351 3274 sedem
1375 3209 1537 3273 instabilis
1561 3209 1717 3293 cogitatio
1738 3207 1861 3272 lubrico

218 3320 309 3376 motu
343 3315 468 3399 agitate
502 3312 669 3390 discurrit,
703 3313 764 3377 boe
799 3312 895 3398 ipsud
924 3313 1072 3377 localiter
1103 3314 1186 3397 agit,
1220 3320 1253 3376 et
1281 3315 1349 3378 sive
1379 3312 1493 3377 urbem
1523 3313 1591 3377 sive
1622 3332 1859 3397 quemcumque

218 3417 385 3501 regionem
409 3419 542 3503 cogitet,
567 3418 611 3482 ibi
635 3423 760 3481 tantum
777 3438 876 3480 sensu
892 3422 1112 3480 commorante
1128 3415 1290 3501 defigitur,
1313 3437 1376 3501 quo
1393 3416 1491 3479 animi
1507 3415 1688 3480 intentione
1704 3423 1862 3501 raptatur.

166 3534 192 3572 ³⁰
216 3521 390 3605 imaginari
419 3520 481 3585 sibi
512 3521 622 3606 eliqua
649 3526 774 3606 potest,
809 3521 981 3606 complecti
1017 3521 1125 3585 omnia
1154 3520 1249 3584 simul
1280 3541 1346 3584 non
1375 3526 1494 3605 potest.
1543 3540 1616 3584 cum
1647 3540 1725 3605 ergo
1754 3519 1864 3584 anima
1873 3520 1914 3584 38

217 3622 452 3687 Alexandriam
470 3624 522 3689 vel
536 3623 798 3710 Hierosolymam
816 3625 984 3708 cogitavit,
1009 3625 1036 3688 si
1051 3644 1127 3687 vere
1150 3624 1216 3688 illic
1240 3629 1308 3687 tota
1331 3623 1381 3686 sui
1404 3624 1602 3710 praesentia,
1625 3629 1662 3686 ut
1684 3623 1863 3701 arbitraris,

219 3727 383 3802 interluit,
414 3728 536 3792 referat
558 3728 651 3792 nobis
680 3728 761 3791 situs
790 3727 950 3807 locorum,
980 3728 1089 3791 vultus
1118 3726 1298 3807 hominum,
1331 3733 1440 3791 motus
1471 3733 1627 3812 actusque
1657 3728 1862 3814 populorum.

321 3954 338 4004 5
357 3951 376 4005 l.
395 3951 455 4006 Cor.
475 3951 533 4015 XV,
551 3954 593 4006 40.
680 3950 715 4004 24
734 3949 798 4004 buc.
817 3948 890 4013 XVI,
908 3950 950 4003 22.

321 4090 434 4158 2certe]
452 4101 536 4144 acerte
556 4094 579 4142 G
681 4089 900 4141 3existimandae
916 4088 950 4138 M
1044 4090 1188 4141 babent-
1208 4089 1224 4140 4
1246 4099 1307 4142 suut
1330 4089 1445 4159 corpora]
1471 4092 1556 4142 attulit
1576 4092 1613 4142 ot.
1631 4091 1773 4143 Mamertus
1791 4091 1816 4154 I,
1833 4095 1864 4142 16

222 4178 272 4241 (ed.
292 4177 460 4244 Empelbrecbt
479 4197 505 4244 p.
522 4179 563 4243 61)
639 4178 780 4229 subsistant
796 4175 830 4225 M
939 4172 957 4224 4
980 4181 1006 4226 et
1029 4174 1269 4243 incomparabiliter]
1293 4193 1342 4228 om·
1362 4177 1501 4229 Ooeeiarrus
1579 4178 1651 4228 muni
1674 4176 1703 4242 (n
1721 4195 1740 4228 s.
1760 4175 1820 4242 l.]s
1841 4177 1864 4227 G

220 4262 237 4313 5
257 4264 371 4315 dicentes
391 4265 414 4314 G
526 4263 578 4330 ep
599 4266 621 4315 (ι’
734 4264 749 4316 7
771 4259 831 4313 onu'r
852 4262 882 4324 6,
905 4262 1051 4328 spirituales
1073 4261 1134 4312 cdd.
1158 4262 1296 4314 bberiuuue
1409 4263 1426 4313 8
1449 4261 1536 4329 atque]
1558 4281 1606 4315 om.
1624 4263 1659 4313 M
1732 4265 1812 4316 obicis
1830 4290 1863 4300 -·

222 4349 255 4402 14
277 4349 386 4417 dubites]
411 4352 495 4401 emilie
518 4349 800 4411 cummarcanis
822 4347 872 4412 (ed
888 4347 1058 4414 lbsqclbrecbt
1078 4366 1105 4414 p.
1121 4347 1163 4411 62)
1276 4347 1428 4402 recredere
1446 4377 1480 4386 —
1500 4347 1530 4400 ll
1549 4347 1622 4414 nero]
1644 4367 1691 4399 om
1714 4350 1737 4400 G
1805 4366 1864 4401 con·

220 4439 386 4504 sequentibus
411 4439 448 4489 01.
467 4438 610 4488 Mamertus
627 4439 644 4487 ἱ.
663 4438 680 4487 l.
782 4430 1006 4499 demonstrabitur]
1033 4434 1219 4485 demonstratur
1247 4434 1321 4485 codd.
1338 4433 1423 4484 Paris.
1447 4452 1488 4485 ur.
1508 4437 1602 4497 16340,
1628 4438 1705 4495 2779,
1727 4434 1783 4484 Vct.
1801 4434 1862 4500 leq.

221 4543 261 4575 ur.
277 4529 327 4575 201
344 4526 383 4588 M,
406 4525 635 4577 demonstrabimus
655 4524 691 4575 ct.
706 4523 849 4573 Mamertae
867 4522 884 4573 l.
903 4522 920 4571 l.
1042 4519 1074 4571 11
1093 4527 1215 4572 tractatus
1233 4520 1354 4583 (tractatu
1372 4517 1467 4586 Lipe.)]
1486 4519 1524 4582 M,
1541 4527 1623 4571 status
1639 4521 1662 4570 G
1731 4517 1822 4585 status]
1834 4520 1869 4570 M

222 4611 269 4675 (el.
289 4609 381 4676 statu),
407 4630 455 4663 om.
475 4612 498 4661 0
515 4619 538 4661 et
555 4610 610 4661 cod.
627 4609 698 4676 Lipe.
716 4609 751 4659 M
886 4604 919 4658 12
942 4607 1085 4673 quantitate
1105 4606 1128 4657 (3
1230 4617 1276 4658 aut
1300 4607 1377 4658 dubie
1398 4607 1433 4669 G,
1458 4606 1563 4657 indubie
1589 4606 1627 4658 01.
1645 4606 1788 4657 Mamertae
1809 4607 1827 4656 l.
1847 4607 1863 4656 l.

224 4697 255 4749 13
273 4699 444 4750 demonstrare
461 4715 517 4749 eam
533 4698 556 4747 u
657 4693 690 4745 14
708 4695 808 4762 corpori
823 4693 861 4744 0¹
931 4693 1057 4759 quomodo
1070 4719 1102 4727 —
1117 4689 1148 4742 16
1161 4689 1269 4758 inclusa]
1283 4693 1368 4743 attulit
1382 4692 1419 4744 01.
1430 4691 1572 4742 Mamertae
1585 4691 1644 4754 III,
1657 4697 1689 4742 14
1706 4691 1756 4756 (ed
1769 4690 1863 4758 Eripe]-

221 4783 306 4835 breclvt
321 4803 347 4850 p.
361 4784 416 4840 181)
510 4781 542 4833 17
560 4784 688 4833 deleratur
702 4781 743 4831 0²
799 4781 869 4831 aliud
883 4806 914 4815 -
927 4777 959 4830 21
973 4776 1140 4845 describatur]
1159 4779 1242 4829 attulit
1256 4778 1293 4830 ct.
1306 4778 1529 4842 Mamercum}
1543 4777 1864 4845 (edEmpellrrecbtpdtl

224 4870 256 4920 18
273 4868 317 4936 sit]
334 4880 373 4921 est
392 4871 429 4921 Ol.
443 4869 585 4920 Mamertus
644 4867 722 4918 hisG
782 4863 836 4933 aut]
856 4883 905 4917 om.
918 4865 953 4915 M
1045 4863 1077 4916 19
1094 4864 1293 4917 existimandum
1306 4864 1340 4913 M
1354 4864 1539 4929 (extimendum
1558 4863 1640 4930 Lipa]
1739 4862 1775 4915 20
1791 4880 1865 4916 occu·

223 4965 298 5023 patur
310 4957 340 5007 M
402 4953 482 5022 aliud]
501 4954 604 5006 illudG
700 4949 734 5003 21
753 4952 787 5021 ei]
805 4973 853 5006 ons.
867 4953 901 5003 M
961 4954 1119 5005 cordationea
1134 4953 1183 5014 0¹,
1199 4954 1351 5005 cordationis
1366 4954 1405 5004 θ’
1466 4954 1655 5006 dimribamre
1717 4952 1819 5018 quando
1832 4977 1863 4988 -

223 5041 257 5093 22
280 5041 411 5109 satisfecit]
435 5043 518 5092 attulit
538 5041 574 5092 Ol.
595 5040 737 5091 Mamertae
754 5040 779 5104 I,
796 5044 827 5092 26
846 5039 896 5105 (ed
914 5039 1083 5106 Empclbrccbt
1097 5057 1126 5106 p.
1138 5037 1181 5096 87)
1302 5036 1336 5089 22
1359 5036 1420 5106 iarn]
1444 5056 1492 5089 om
1511 5038 1544 5088 M
1562 5046 1585 5089 ct
1604 5037 1642 5090 Ol.
1655 5037 1797 5088 Mamertae
1815 5038 1832 5088 l.
1847 5038 1865 5088 l.

223 5138 360 5196 conspectu
375 5130 398 5180 0
415 5136 438 5179 et
455 5128 509 5179 cod.
523 5126 593 5194 Lips.
608 5127 640 5176 M
706 5125 847 5194 desideriis]
862 5127 899 5179 (ll.
913 5126 1055 5178 Mamertae
1069 5126 1086 5178 l.
1101 5126 1127 5189 1.,
1144 5126 1262 5177 desiderii
1276 5127 1308 5189 G,
1325 5126 1448 5178 desiderio
1462 5126 1495 5176 M
1561 5142 1621 5176 cnm
1635 5121 1865 5190 -26d0sesunit1

222 5216 306 5266 auselit
330 5217 367 5267 ct.
386 5216 527 5265 Mamertae
546 5213 657 5276 III,13
679 5212 728 5277 (ed.
747 5213 917 5280 Empclbrecbt
928 5232 958 5279 p,
971 5210 1031 5276 178)
1154 5209 1190 5263 24
1214 5213 1367 5264 nouissimos
1387 5211 1435 5274 θ’,
1458 5211 1578 5262 nouimus
1598 5212 1637 5262 θ’
1758 5207 1867 5262 251ωο

223 5304 297 5353 cuins
314 5300 499 5353 inaccessibilia
516 5300 603 5351 inferri
624 5301 647 5350 t}
755 5298 790 5351 26
807 5298 974 5350 umento
1042 5298 1153 5350 interG
1255 5295 1288 5348 27
1307 5298 1419 5350 instabili
1440 5298 1463 5348 0
1566 5295 1600 5348 28
1617 5293 1724 5364 agitet]
1743 5295 1866 5362 agitato

222 5387 257 5440 29
273 5395 485 5440 commemorante
503 5386 534 5436 M
644 5384 679 5437 30
700 5384 771 5453 ergo]
794 5403 856 5438 uero
873 5383 908 5434 M
981 5384 1080 5449 anime,
1104 5402 1158 5434 ras.
1176 5385 1278 5451 virque
1298 5384 1322 5435 G
1397 5385 1482 5435 arrirne
1500 5411 1531 5418 -
1551 5381 1586 5434 3⁴2
1602 5379 1764 5450 populorum]
1783 5381 1867 5432 mutis

225 5478 263 5528 et.
276 5475 418 5526 Mamertus
437 5474 495 5537 Ill,
508 5480 538 5525 10
557 5472 607 5537 (eri.
620 5473 790 5540 Ermelbreclst
800 5491 829 5538 p.
845 5470 901 5536 172)
1006 5467 1040 5520 31
1057 5471 1256 5536 alexandrinam,
1273 5488 1327 5521 roe.
1340 5471 1395 5520 uu
1464 5469 1703 5536 byerusolimsrnb'
1772 5468 1868 5534 cogitat

227 5561 419 5613 CtMamertus
437 5563 454 5612 l.
468 5562 485 5613 l.
544 5561 564 5612 si
584 5556 653 5625 uere]
674 5560 729 5614 siue
744 5559 776 5623 0,
791 5567 818 5613 et
834 5561 856 5611 si
874 5576 919 5629 per
936 5557 1115 5629 agitationem
1129 5557 1322 5610 CtMcmertm
1337 5558 1354 5610 l.
1368 5557 1385 5608 l.
1441 5565 1493 5624 aut,
1511 5574 1564 5608 ras.
1577 5557 1630 5609 eG
1721 5553 1756 5608 3⁶2
1773 5551 1867 5619 motus]

223 5650 287 5704 ritus
305 5648 338 5700 M
