4462 6216
281 368 342 433 320
892 368 1031 426 RURICII
1049 367 1308 423 EPISTULARUM

192 531 227 603 G
278 541 468 605 volentes
493 541 637 607 videre
660 547 715 622 te,
740 542 785 607 ita
807 541 992 629 respondit:
1026 548 1207 629 quaeest
1231 544 1935 628 matermeaautquisuntfratres

279 645 376 708 mei?
422 653 454 710 ct
481 646 657 711 ostendens
686 646 866 731 apostolos,
897 657 1072 731 sequentes
1096 669 1146 711 se:
1178 668 1286 711 nonne
1310 646 1343 710 hi
1372 647 1426 731 qui
1455 646 1580 710 faciunt
1603 647 1804 712 voluntatem
1828 648 1935 733 patris

250 748 366 811 dmci?
411 755 515 813 mater
543 749 631 813 enim
655 747 775 813 Christi
804 749 868 814 dici
898 771 1086 835 possumus,
1118 749 1247 835 quando
1272 748 1436 813 Christum
1459 750 1557 815 corde
1580 758 1765 836 gestamus,
1797 758 1935 817 namet

280 858 394 916 sancta
415 851 529 932 Maria,
559 873 643 937 quaa
668 852 759 937 virgo
783 853 942 939 concepit,
970 854 1061 937 virgo
1087 855 1225 939 peperit,
1252 853 1342 938 virgo
1373 855 1562 939 permansit,
1591 854 1756 919 dominum
1779 861 1933 919 nostrum

251 956 345 1018 ”lnou
368 957 540 1042 complexu
564 957 649 1020 virili
674 955 732 1020 sed
755 955 819 1021 fide
842 958 1014 1021 maritante
1039 957 1198 1042 concepit.
1234 957 1352 1021 fratres
1375 978 1453 1021 vero
1475 958 1580 1044 ipsius
1603 958 1774 1038 efficimur,
1799 958 1933 1046 quande
1972 973 1985 1011 ⁵

280 1059 326 1121 ita
347 1060 447 1124 vitam
471 1066 615 1124 nostram
639 1061 726 1124 omni
749 1062 903 1125 virtutum
927 1083 1049 1146 genere
1072 1060 1290 1147 disponimus,
1323 1061 1492 1139 fulcimus,
1524 1084 1691 1138 ornamus,
1721 1070 1759 1128 ut
1788 1061 1933 1128 heredes

281 1162 333 1226 dci
357 1183 429 1228 csse
452 1165 618 1250 possimus
641 1172 674 1229 ot
697 1165 878 1231 coheredes
896 1164 1026 1230 Christi.
1072 1166 1124 1229 cui
1149 1166 1234 1230 enirn
1258 1164 1402 1245 dubium,
1426 1165 1511 1251 quod
1535 1167 1561 1230 si
1584 1166 1722 1231 heredes
1746 1165 1802 1231 dei
1826 1166 1932 1253 patris

281 1266 451 1347 efficimur,
475 1268 652 1333 rectissime
676 1275 709 1332 et
723 1270 841 1333 fratres
859 1268 980 1334 Christi
995 1268 1068 1349 dici,
1091 1270 1161 1355 ipso
1178 1269 1365 1356 adoptante,
1388 1271 1581 1356 poterimus,
1604 1271 1659 1354 qui
1675 1290 1733 1334 nes
1750 1269 1932 1357 plasmavit

281 1375 318 1434 ut
346 1391 437 1451 sues,
471 1371 610 1436 redemit
639 1376 675 1435 ut
707 1373 845 1451 alienos,
878 1372 978 1457 clegit
1008 1378 1044 1436 ut
1066 1393 1195 1451 servos,
1228 1372 1364 1436 adscivit
1385 1380 1422 1437 ut
1445 1372 1549 1437 filios?
1594 1375 1734 1460 plasmat
1757 1374 1848 1439 enim
1872 1393 1934 1436 nes

251 1476 455 1559 8potestate,
479 1475 609 1540 redimit
631 1477 794 1562 passione,
824 1476 917 1560 eligit
938 1476 971 1539 in
994 1476 1222 1562 praescientia,
1253 1476 1407 1540 adsciscit
1430 1476 1464 1542 in
1487 1477 1603 1562 gratia.
1652 1499 1711 1543 nes
1734 1485 1848 1543 tamen
1872 1474 1933 1540 filii
1959 1490 1982 1528 ¹⁰

280 1597 341 1661 per
363 1577 580 1664 adeptionem,
603 1580 658 1644 ille
682 1579 770 1644 solus
794 1579 880 1645 filius
902 1600 963 1665 per
985 1586 1146 1653 naturam,
1170 1580 1226 1664 qui
1241 1586 1278 1644 ut
1292 1600 1352 1644 nos
1369 1579 1410 1643 ad
1427 1579 1566 1644 eandem
1582 1602 1603 1645 a
1617 1601 1681 1666 qua
1696 1579 1930 1646 excideramus

281 1680 517 1745 beatitudinem
540 1690 723 1762 revocaret,
754 1703 827 1747 eum
848 1682 979 1768 penitus
1002 1704 1066 1746 uon
1089 1682 1224 1748 desierit
1246 1704 1320 1748 esse
1345 1682 1431 1769 quod
1462 1689 1547 1763 erat,
1578 1686 1682 1750 voluit
1711 1692 1821 1750 tamen
1854 1704 1931 1748 esse

282 1782 368 1867 quod
403 1806 465 1849 uon
500 1793 586 1867 erat,
620 1793 656 1849 ut
687 1786 821 1852 verbum
855 1807 930 1851 caro
965 1787 1058 1850 fieret
1092 1794 1140 1860 et,
1174 1785 1251 1851 dum
1285 1794 1415 1852 creator
1445 1788 1478 1851 in
1509 1795 1679 1853 creaturae
1711 1788 1933 1853 humilitatem

250 1886 466 1968 9desceudit,
498 1887 538 1952 ad
568 1890 723 1954 creatoris
754 1890 986 1955 sublimitatem
1018 1898 1168 1955 creatura
1200 1891 1443 1956 conscenderet.
1493 1912 1556 1977 quo
1584 1891 1637 1968 tit,
1665 1898 1702 1956 ut
1730 1891 1931 1956 humanitati

281 1989 390 2055 divina
419 1993 658 2057 communicent
690 1999 724 2058 et
752 1994 913 2058 divinitati
941 1993 1084 2057 humana
1110 1994 1307 2080 participent
1339 1993 1517 2059 secundum
1552 1994 1631 2059 illud
1668 1994 1824 2081 apostoli:
1863 1994 1933 2080 qui
1958 2008 1982 2046 ¹⁵

281 2115 363 2158 eum
396 2096 432 2159 in
463 2095 584 2160 forma
613 2096 677 2161 dai
709 2104 830 2177 esset,
866 2119 940 2162 nou
971 2098 1146 2183 rapinam
1178 2098 1394 2162 arbitratus
1426 2104 1486 2163 est
1515 2121 1608 2164 osse
1638 2121 1678 2165 se
1708 2100 1934 2185 aequalem

281 2200 366 2280 deo,
390 2200 463 2265 sed
480 2208 607 2267 semet
627 2203 752 2289 ipsum
769 2202 1010 2283 exinanivit,
1034 2202 1195 2266 formam
1216 2203 1553 2289 serviaccipiens,
1577 2203 1615 2267 in
1632 2202 1935 2268 similitudinem

281 2303 480 2369 hominum
509 2304 640 2370 factus
669 2315 708 2371 et
740 2306 880 2371 habitu
911 2313 1089 2392 repertus
1119 2314 1162 2370 ut
1192 2305 1316 2371 homo.
1362 2306 1594 2371 humiliavit
1616 2314 1747 2372 semet
1779 2308 1933 2393 ipsum,

281 2408 416 2472 factus
440 2407 653 2474 oboediens
674 2431 805 2495 usque
828 2409 875 2474 ad
899 2418 1071 2482 mortem,
1103 2417 1264 2474 mortem
1295 2416 1425 2474 autem
1455 2411 1599 2474 crucis.
1643 2410 1934 2496 propterquod

282 2511 377 2575 deus
400 2511 513 2576 illurn
536 2512 732 2577 exaltavit
754 2519 793 2576 et
815 2511 984 2576 donavit
1007 2512 1072 2576 illi
1095 2533 1251 2593 nornen,
1281 2511 1382 2596 quod
1409 2519 1469 2577 cst
1499 2534 1619 2599 super
1642 2533 1753 2577 omne
1778 2533 1934 2594 nornen,
1960 2524 1986 2564 2⁰

283 2616 386 2679 utin
409 2617 565 2681 nominc
588 2615 677 2681 lesu
705 2637 817 2680 omne
851 2636 954 2701 genu
984 2616 1189 2695 flectatur,
1222 2616 1469 2697 caelestium,
1501 2616 1767 2681 terrestrium
1798 2622 1841 2681 et
1871 2616 1935 2680 iu·

283 2719 479 2783 fernorum
507 2727 548 2784 et
571 2720 697 2784 omnis
729 2720 868 2805 lingua
900 2718 1164 2798 confiteatur,
1196 2719 1371 2803 quoniam
1402 2718 1581 2784 deminus
1605 2720 1723 2785 Iesus
1747 2717 1935 2784 Christus

233 2823 320 2886 10in
343 2824 471 2908 gloria
494 2830 558 2889 est
579 2823 645 2888 dci
667 2824 811 2910 patris.
855 2822 942 2888 unde
966 2829 1000 2888 et
1023 2823 1064 2887 ad
1086 2822 1270 2887 Corinthios
1294 2823 1381 2887 idem
1405 2823 1518 2887 doctor
1541 2824 1688 2888 scribens
1711 2822 1771 2887 ait:
1795 2824 1936 2909 itaque

282 2948 350 2991 uos
374 2926 562 2992 neminem
584 2928 759 2992 novimus
783 2927 998 2992 secundum
1021 2948 1190 2999 caruem;
1226 2928 1308 2991 etsi
1331 2926 1584 3011 cognevimus
1608 2926 1709 2992 anim
1731 2925 1936 2990 Christum

282 3029 499 3095 secundum
524 3051 691 3110 carnem,
716 3030 782 3096 sed
805 3051 907 3095 nunc
931 3031 1006 3095 iam
1029 3051 1104 3094 non
1126 3031 1320 3107 novimus,
1344 3030 1431 3115 quia,
1455 3036 1607 3095 cessante
1629 3031 1662 3094 in
1685 3051 1725 3095 eo
1741 3030 1935 3094 infirmitate
1960 3041 1986 3082 ²⁵

234 3140 266 3200 lt
283 3155 453 3222 corporea,
486 3140 574 3199 totus
604 3135 746 3199 creditur
776 3135 809 3198 in
836 3135 955 3199 virtute
988 3134 1109 3198 divina.
1154 3144 1188 3199 et
1217 3133 1290 3198 ideo
1319 3136 1412 3198 iuxta
1445 3155 1520 3198 eum
1547 3135 1746 3220 apostolum,
1777 3135 1935 3219 quoniam

284 3260 396 3303 ornnes
413 3239 447 3302 in
462 3237 593 3302 Christe
608 3260 708 3303 unum
725 3259 848 3316 sumus,
870 3238 990 3302 fratres
1009 3238 1189 3302 rectissime
1213 3257 1448 3322 nuncupamur,
1471 3237 1547 3322 quia
1570 3258 1630 3301 nos
1654 3243 1687 3303 et
1709 3258 1795 3302 unus
1818 3244 1936 3301 uterus

236 3344 367 3408 t2sacri
389 3342 487 3407 fontis
503 3341 619 3406 effudit
634 3350 668 3407 et
684 3341 800 3406 eadem
815 3341 919 3406 ubera
933 3342 1048 3404 matris
1063 3340 1234 3419 ecclesiae,
1258 3341 1375 3426 spiritu
1391 3340 1584 3418 vivificante,
1608 3342 1778 3406 lactarunt.
1818 3339 1936 3404 simul·

282 3468 346 3531 que
370 3445 489 3510 idcirco
512 3445 527 3508 f
532 3453 642 3510 rator
665 3445 797 3530 scripsi,
827 3444 903 3529 quia
926 3451 958 3508 et
982 3443 1044 3508 deo
1067 3443 1206 3529 propitio
1230 3465 1249 3507 a
1272 3444 1394 3508 saeculi
1418 3444 1546 3508 actibus
1569 3442 1612 3508 ad
1633 3450 1801 3509 aeternam
1825 3443 1935 3508 beati-

284 3549 427 3613 tudinem
459 3556 492 3614 te
525 3551 667 3614 animam
699 3551 896 3614 convertisse
929 3550 1067 3634 cognovi
1098 3554 1131 3612 et
1159 3549 1353 3612 imitatorem
1386 3548 1472 3613 illius
1503 3549 1684 3634 evangelici
1716 3547 1934 3633 negotiatoris
1961 3558 1987 3599 ³⁰

282 3652 446 3732 effectum,
469 3653 534 3738 qui,
558 3653 699 3717 venditis
723 3652 875 3716 omuibus
900 3652 977 3728 suis,
1001 3651 1202 3737 comparavit
1224 3651 1493 3736 pretiosissimum
1517 3652 1738 3736 margaritum,
1762 3651 1815 3715 vel
1834 3651 1935 3729 illius,

284 3756 349 3842 qui,
373 3764 502 3842 reperto
526 3756 560 3819 iu
583 3777 663 3841 agro
686 3756 852 3829 thesauro,
877 3754 1042 3818 distractis
1066 3775 1149 3840 quae
1166 3754 1310 3819 habebat
1325 3754 1496 3835 universis,
1520 3776 1634 3841 agrum
1650 3755 1758 3840 ipsum
1773 3752 1936 3819 laudabili

283 3858 460 3944 eupiditate
492 3866 655 3923 mercatus
684 3866 750 3939 est,
781 3879 845 3922 nou
872 3859 1000 3923 alienae
1030 3858 1248 3943 possessionis
1275 3858 1479 3943 importunus
1507 3858 1659 3938 inhiator,
1691 3856 1749 3922 sed
1777 3856 1934 3943 propriae

285 3962 449 4026 facultatis
478 3961 631 4047 providus
660 3961 859 4039 distributor,
890 3962 1060 4026 caritatem
1088 3968 1202 4048 utpote
1231 3962 1454 4026 sincerrimam
1484 3962 1628 4026 retinens
1651 3960 1749 4025 corde
1772 3960 1933 4046 perfecto,

236 4069 348 4131 13non
378 4072 414 4130 ut
440 4066 570 4150 parcius
593 4064 766 4145 venderet,
799 4064 857 4130 sed
888 4072 924 4129 ut
950 4064 1072 4149 largius
1099 4064 1274 4128 feneraret.
1320 4085 1419 4150 super
1446 4087 1510 4150 quo
1540 4066 1626 4129 facto
1655 4064 1784 4151 gaudee
1814 4069 1850 4128 ct
1871 4063 1935 4127 deo
1960 4074 1984 4113 ³³

284 4171 407 4255 gratias
438 4190 515 4254 ago,
546 4167 632 4254 quod
662 4168 839 4233 secundum
870 4167 1000 4233 divitias
1023 4168 1179 4232 bonitatis
1204 4189 1282 4233 suae
1306 4178 1404 4253 atque
1428 4169 1553 4232 virtutis
1576 4190 1636 4255 per
1658 4167 1935 4233 inaestimabilem

284 4273 541 4339 misericordiam
575 4295 667 4336 suam
701 4271 951 4358 propemedum,
986 4278 1021 4335 ut
1056 4272 1102 4336 ita
1135 4270 1287 4351 dixerim,
1322 4276 1436 4336 contra
1469 4272 1666 4337 seutentiam
1699 4292 1790 4336 suam
1821 4270 1935 4335 venire

284 4379 445 4464 dignatur,
477 4377 568 4463 quia,
601 4398 674 4442 cum
702 4377 773 4462 ipsc
803 4375 941 4453 dixerit,
971 4374 1103 4439 difficile
1135 4395 1192 4439 cos
1223 4376 1278 4460 qui
1309 4377 1467 4461 pecunias
1491 4376 1613 4441 habent
1635 4397 1772 4461 regnum
1794 4373 1934 4461 adipisci

283 4505 380 4570 posse
409 4483 589 4558 caelorum,
620 4502 697 4546 ecce
726 4485 759 4545 te
788 4485 820 4542 et
850 4479 902 4542 his
931 4477 1076 4562 dignavit
1106 4477 1140 4540 in
1170 4477 1299 4542 sacculo
1330 4485 1363 4542 ct
1393 4479 1574 4564 provehere
1601 4480 1735 4545 festinat
1762 4479 1795 4542 iu
1818 4498 1933 4563 regno.

237 4587 341 4652 llscd
375 4594 485 4651 tamen
520 4584 606 4649 idem
640 4584 790 4649 dominus
826 4585 981 4649 continuo
1016 4583 1155 4667 rigorem
1189 4583 1305 4669 prioris
1340 4583 1562 4648 huiuscemodi
1596 4584 1793 4662 sententiae,
1835 4602 1934 4668 quam
1958 4592 1983 4631 ⁴⁰

284 4691 422 4778 apostoli
443 4689 671 4755 vehementius
695 4688 926 4765 formidabant,
955 4687 1197 4752 misericordiae
1221 4709 1300 4751 suae
1324 4687 1546 4752 moderamine
1570 4687 1777 4773 temperavit,
1809 4684 1935 4764 dicens,

284 4796 370 4880 quod
399 4793 599 4880 impossibile
631 4799 720 4856 essct
750 4792 783 4856 in
813 4815 848 4857 se
878 4792 1065 4856 hominibus
1097 4813 1156 4877 per
1185 4797 1334 4855 naturam
1366 4791 1523 4876 possibile
1555 4791 1617 4855 deo
1648 4791 1682 4853 in
1706 4790 1754 4854 eis
1777 4810 1853 4854 esec
1877 4810 1936 4874 per

236 4899 436 4984 15gratiam:
467 4897 553 4984 quod
582 4897 614 4960 iu
638 4902 682 4975 tc,
710 4896 763 4961 eui
786 4896 877 4982 operi
900 4903 937 4960 ut
959 4896 1033 4959 otiis
1057 4901 1154 4980 atque
1177 4894 1350 4981 impendiis
1374 4916 1497 4980 pronus
1520 4894 1701 4973 incumbas,
1729 4912 1788 4977 pro
1812 4892 1936 4957 affectu

390 5137 577 5195 lLuc.VllI.
594 5136 638 5190 20.
699 5136 1294 5200 Marc.111‚33.2ttatth.xl1‚50.
1394 5136 1597 5200 tuemini,
1616 5135 1658 5190 17.
1755 5134 1789 5188 15
1810 5132 1935 5202 Philipp.

285 5226 319 5286 ll,
337 5226 434 5279 6-11.
524 5224 559 5277 ⁴23
577 5223 613 5277 Il.
626 5223 685 5278 Cor.
697 5221 731 5285 V,
751 5225 791 5278 16.
882 5222 1155 5288 eructaturus.
1241 5224 1276 5277 30
1293 5222 1394 5276 naath.
1408 5222 1483 5287 XIII,
1501 5223 1543 5276 46.
1631 5222 1665 5277 32
1683 5219 1786 5275 natu.
1799 5219 1875 5284 XIII,
1893 5219 1936 5274 44.

283 5314 318 5367 38
335 5311 436 5365 uates.
456 5310 530 5373 XIX,
549 5310 591 5363 23.
676 5309 712 5362 42
729 5309 831 5364 Matth.
850 5308 923 5372 xlx,
942 5311 983 5363 33.

386 5433 501 5486 ‘lhlib'
604 5429 715 5498 ⁴iquos]
734 5451 799 5499 quae
818 5435 885 5485 etG
989 5431 1200 5500 9suos1u0s0
1303 5434 1336 5485 10
1354 5435 1426 5501 eligit
1442 5431 1481 5499 iu]
1499 5435 1583 5499 suppl.
1596 5432 1746 5499 Lith'obams
1852 5428 1885 5482 11
1902 5430 1937 5482 ad

284 5520 400 5589 eandem]
419 5523 506 5573 eadem
531 5520 554 5569 (l
631 5516 700 5583 alt}
777 5521 1002 5572 excederemustr'
1116 5520 1148 5572 13
1172 5522 1359 5573 humilitateb'
1472 5518 1505 5570 14
1529 5517 1748 5571 conscenderitisl
1825 5517 1939 5584 quodG

287 5608 317 5660 ll
337 5627 364 5661 se
382 5610 466 5676 ipsum
487 5610 511 5657 G
618 5604 654 5655 20
670 5609 745 5657 omne
766 5608 790 5656 (ι’
896 5604 930 5658 27
948 5607 1072 5657 ιιιιιιιίιιίί
1181 5606 1215 5657 ‘29
1233 5609 1378 5675 scripsittl
1454 5604 1481 5673 a]
1500 5625 1547 5657 aar.
1563 5609 1586 5657 (l
1697 5601 1732 5653 32
1748 5603 1940 5673 desuetisq30

284 5696 319 5750 43
335 5695 405 5764 otiis]
424 5697 576 5758 nostwet,
593 5693 652 5744 rotis
671 5693 703 5758 C,
720 5701 790 5746 totus
807 5712 852 5762 ayo
922 5692 1009 5761 ablue]
1031 5695 1062 5758 (l,
1079 5711 1162 5760 usque
1182 5693 1309 5760 Cerasias,
1325 5712 1406 5762 aeque
1423 5693 1574 5762 Littjebaan
