4462 6216
819 348 926 403 LIBER
943 349 978 413 II,
1002 346 1080 402 XVll
1098 349 1114 416 ἐ
1133 350 1200 402 8-
1219 348 1269 401 xx
1286 350 1303 417 g
1320 348 1344 404 6.

661 536 686 573 ¹⁰
711 543 764 586 me
788 543 916 606 semper
939 523 1062 586 recolat
1085 527 1245 607 canatque
1269 522 1381 607 lingua

712 632 745 688 ct
766 646 857 690 mens
880 647 931 690 me
956 632 1076 707 teneat,
1099 647 1196 713 sopor
1219 632 1370 705 retentet,

711 750 763 793 mc
787 749 917 812 semper
939 729 1062 792 recinat
1084 736 1174 794 tuum
1197 729 1362 794 labellum.
1441 736 1445 742 '
1550 768 1554 789 .

711 832 771 895 hos
794 838 828 895 tu
852 831 1028 896 visceribus
1051 832 1114 918 piis
1138 832 1289 914 reconde,

711 935 771 1000 hos
794 939 882 999 tecto
905 934 1051 1000 residens
1073 935 1223 1020 viamque
1248 956 1394 1022 carpens,

662 1053 685 1090 1³
713 1039 773 1103 hos
795 1039 880 1104 inter
904 1039 1022 1103 calices
1045 1046 1115 1104 toro
1137 1039 1330 1104 recumbens

711 1147 744 1205 et
765 1163 880 1227 parcas
904 1142 1017 1227 epulas
1040 1142 1195 1227 cibosque
1218 1142 1341 1222 dulces,

711 1253 803 1309 antro
827 1246 967 1331 pectoris
991 1250 1023 1310 ct
1045 1245 1190 1311 medulla
1211 1245 1318 1310 cordis

712 1349 855 1413 inclusos
879 1349 990 1429 recita,
1015 1355 1152 1415 canente
1175 1346 1293 1415 me'nte.

713 1451 759 1515 sie
782 1472 841 1515 nos
864 1457 897 1516 et
919 1461 1049 1516 mutuos
1071 1451 1183 1518 videre
1206 1452 1315 1517 vultus

661 1568 686 1605 ‘2⁰
713 1561 747 1618 ct
768 1554 850 1619 rivis
873 1555 996 1620 tribuat
1020 1554 1140 1620 referre
1163 1555 1284 1631 verbis,

712 1679 795 1742 quae
818 1678 903 1722 nunc
926 1659 1039 1723 intima
1060 1659 1202 1744 pectoris
1226 1659 1373 1744 fatigant,

712 1762 848 1845 largitor
869 1761 951 1826 deus
974 1763 1116 1825 omnium
1138 1762 1307 1843 bonorum,

712 1863 862 1929 Christus
885 1886 958 1929 cum
980 1873 1073 1951 petre
1096 1866 1293 1952 sempiterno
1317 1887 1467 1950 regnans,

712 1974 824 2034 sancto
848 1968 977 2055 spiritui
999 1968 1170 2057 dignantes
1192 1969 1339 2056 hymnos.

1042 2262 1117 2330 XX.

393 2415 569 2480 DOMINO
592 2414 834 2482 INDIVIDUO
859 2416 1126 2492 SEMPERQUE
1149 2417 1402 2484 uueululoo
1425 2416 1547 2481 FILIO
1571 2415 1764 2482 RUSTIOO

833 2520 1045 2586 RURIOIUS
1068 2520 1323 2587 EPISOOPUS.

362 2636 606 2740 lucoreruomnu
629 2667 706 2732 mihi
729 2667 771 2732 ab
794 2668 866 2731 aliis
888 2673 921 2732 et
943 2666 1036 2732 vobis
1058 2689 1079 2732 a
1101 2689 1152 2733 mc
1175 2669 1254 2733 lacit
1275 2668 1419 2732 amicitia
1448 2668 1640 2747 eommunis,
1671 2668 1748 2752 quia
1769 2668 1823 2752 qui
1846 2689 1898 2730 me
1932 2669 1945 2727 1

221 2782 232 2818 ⁵
260 2768 346 2853 apud
369 2791 440 2848 vos,
470 2791 533 2833 uon
560 2769 631 2834 dico
654 2773 808 2851 multum,
840 2769 900 2835 sed
921 2770 1029 2835 onmia
1049 2792 1146 2857 posse
1169 2770 1349 2849 confidunt,
1380 2769 1422 2835 ad
1444 2770 1650 2835 ecclesiolam
1673 2776 1817 2833 nostram
1840 2791 1898 2855 pro

260 2892 320 2935 sua
348 2873 521 2937 securitate
550 2874 747 2958 confugiunt.
792 2894 928 2959 quorum
955 2895 1017 2959 ego
1045 2894 1109 2939 non
1140 2895 1272 2960 possum
1303 2894 1366 2937 non
1397 2879 1431 2939 et
1461 2872 1633 2937 condolere
1661 2872 1836 2957 gemitibus
1866 2880 1899 2936 et

259 2975 411 3057 precibus
443 2975 613 3056 oboedire,
645 2985 681 3040 ut
709 2998 767 3063 pro
796 2979 939 3064 ipsorum
967 2977 1098 3064 quidem
1128 2983 1222 3043 reatu
1250 2976 1308 3041 sed
1335 2982 1369 3040 et
1391 2997 1449 3062 pro
1473 2982 1581 3040 vostro
1604 2976 1727 3062 pariter
1750 2976 1898 3060 profectu

208 3158 212 3165 g
260 3078 413 3161 potestati
446 3084 572 3144 vestrae
602 3080 759 3144 attentius
788 3081 977 3167 supplicem.
1029 3102 1090 3146 nec
1122 3081 1263 3160 mireris,
1297 3079 1383 3165 quod
1417 3079 1501 3161 dixi,
1535 3079 1664 3144 illorum
1697 3087 1824 3145 reatum
1858 3079 1898 3144 ad
1930 3083 1950 3142 2

260 3189 405 3245 vestrum
428 3184 592 3268 pertinere
618 3184 813 3269 profectum,
843 3184 1004 3270 siquidem
1032 3184 1160 3248 illorum
1190 3183 1394 3269 indulgentia
1416 3194 1526 3248 restra
1553 3183 1590 3248 fit
1612 3184 1721 3263 venia,
1754 3184 1837 3247 sicut
1866 3190 1900 3248 et

209 3297 233 3332 ¹⁰
260 3284 389 3370 inopum
422 3287 602 3371 indigentia
631 3288 825 3372 largientum
861 3308 933 3352 esse
967 3288 1112 3352 noscitur
1145 3287 1249 3373 copia.
1298 3287 1359 3351 hoc
1393 3287 1479 3352 enim
1512 3286 1605 3351 nobis
1639 3287 1836 3352 retribuetur
1865 3287 1900 3351 in

259 3388 387 3470 iudicio,
411 3391 496 3474 quod
512 3391 770 3477 praestiterimus
786 3391 819 3454 in
835 3392 976 3472 saeculo,
999 3391 1129 3457 dicente
1145 3391 1217 3477 ipso
1239 3390 1382 3455 domino:
1406 3389 1593 3455 dimittite
1617 3396 1656 3456 et
1678 3389 1899 3456 dimittetur

260 3492 386 3573 vobis,
415 3493 501 3559 date
525 3501 566 3559 et
588 3494 749 3560 dabitur
770 3495 895 3569 vobis;
924 3502 958 3559 et
978 3495 1110 3560 iterum:
1142 3494 1176 3559 si
1199 3493 1438 3559 dimiscritis
1464 3493 1701 3573 hominibus,
1729 3500 1767 3558 ct
1789 3501 1900 3581 pater

261 3603 393 3660 vester
415 3597 605 3662 dimittet
627 3598 737 3663 vobis
761 3605 923 3684 peccata
944 3604 1088 3666 vestra.
1122 3597 1209 3663 unde
1224 3598 1394 3662 evidenter
1409 3597 1625 3681 agnoscimus,
1642 3596 1738 3662 deum
1755 3603 1900 3662 nostrum
1931 3599 1951 3660 3

261 3701 458 3764 sententiam
474 3723 564 3764 suam
581 3702 613 3765 in
629 3708 741 3766 nostra
756 3701 906 3787 posuisse
922 3723 1069 3784 censura,
1093 3703 1148 3789 qui
1170 3724 1302 3789 precum
1324 3707 1507 3766 nostrarum
1531 3701 1716 3765 misericors
1740 3709 1773 3767 ct
1795 3702 1900 3766 iustus

210 3815 233 3852 1⁵
261 3802 388 3867 auditor
415 3806 570 3889 potestati
598 3827 677 3870 suae
705 3805 746 3870 de
775 3813 886 3869 nostra
915 3806 1050 3872 lenitate
1081 3806 1305 3893 praescripsit,
1338 3812 1374 3869 ut
1408 3805 1442 3869 in
1465 3826 1519 3870 eos
1542 3803 1683 3889 quodam
1706 3804 1801 3868 modo
1835 3825 1899 3868 non

262 3904 398 3971 haberet
426 3907 476 3971 ius
500 3909 700 3988 severitatis,
731 3929 813 3994 quos
836 3908 887 3974 hic
911 3909 1023 3973 avidos
1046 3931 1109 3975 non
1131 3910 1337 3996 perspexerit
1359 3908 1508 3984 ultionis;
1538 3908 1614 3993 quia
1637 3907 1721 3992 quod
1745 3907 1816 3992 ipse
1839 3913 1900 3987 cst,

260 4008 323 4072 hoe
345 4018 378 4074 et
400 4032 459 4074 nos
482 4031 556 4076 esse
580 4011 753 4077 desiderat.
799 4013 982 4078 misericors
1005 4020 1067 4092 est,
1093 4012 1320 4079 misericordes
1344 4012 1480 4097 quaerit,
1507 4011 1636 4077 dicens:
1668 4016 1795 4075 estote
1818 4030 1899 4096 per·
1932 4014 1950 4072 4

263 4112 377 4192 lecti,
416 4115 517 4178 sicut
551 4121 589 4180 et
620 4122 735 4201 pater
771 4122 906 4180 vester
938 4116 1141 4201 perlectus
1176 4122 1252 4181 est.
1307 4116 1426 4181 cotidie
1460 4116 1589 4180 veniam
1622 4114 1832 4201 peccantibus
1868 4120 1901 4177 et

263 4217 519 4301 supplicantibus
547 4219 673 4295 tribuit;
701 4219 775 4284 ideo
802 4227 836 4284 et
862 4218 1097 4305 indulgentiam
1126 4218 1393 4305 apeceatoribus
1416 4219 1531 4304 poscit.
1586 4217 1672 4281 unde
1696 4225 1730 4281 et
1752 4217 1899 4280 oratione
1932 4219 1951 4278 5

210 4329 235 4368 2⁰
261 4318 424 4384 dominica
458 4322 560 4407 ipsius
594 4322 728 4387 dicimus
762 4321 922 4388 doctrina:
961 4324 1127 4388 dimitte
1158 4324 1269 4388 nobis
1296 4321 1438 4387 debita
1459 4326 1608 4398 nostra,
1636 4321 1748 4385 sicut
1769 4326 1811 4384 et
1833 4340 1900 4383 nos

264 4422 511 4490 dimittimus
535 4425 779 4491 debitoribus
802 4428 963 4493 nostris.
1007 4426 1125 4513 quibus
1149 4426 1256 4492 verbis
1279 4425 1458 4491 durissimis
1481 4446 1539 4489 nos
1560 4423 1696 4487 vinculis
1717 4424 1902 4507 inligamus,

263 4527 325 4590 nisi
347 4528 432 4612 quod
455 4529 647 4614 pollicemur
668 4530 850 4614 implemus,
875 4530 951 4615 quia
973 4536 1006 4595 et
1028 4550 1087 4616 per
1102 4529 1296 4615 prophetam
1312 4529 1359 4592 sic
1375 4527 1468 4591 dicit:
1493 4527 1602 4590 homo
1624 4525 1769 4590 homini
1793 4531 1901 4590 tenet

263 4629 356 4693 iram
386 4639 424 4695 ot
447 4653 467 4695 a
489 4632 638 4696 domino
667 4633 817 4717 quaerit
839 4632 1064 4698 medellam?
1109 4638 1307 4718 quapropter
1329 4651 1385 4715 pro
1408 4629 1555 4705 Barcne,
1585 4629 1640 4712 qui
1664 4628 1705 4692 ad
1728 4629 1901 4693 ecclesiam
1932 4630 1952 4689 6

264 4732 389 4797 Userca
413 4735 573 4819 confugit,
601 4737 795 4800 intercessor
816 4736 951 4818 accedo,
981 4757 1131 4822 sperans,
1158 4741 1195 4800 nt
1217 4734 1354 4819 primum
1378 4754 1434 4818 pro
1457 4732 1510 4797 dci
1538 4733 1667 4811 timore,
1697 4731 1814 4796 deinde
1843 4752 1900 4816 pro

211 4850 236 4888 2⁵
264 4845 374 4901 nostra
401 4838 633 4902 intercessione
661 4838 722 4923 ipsi
750 4861 886 4924 parcere
910 4838 1063 4924 digneris.
1109 4837 1200 4902 cuius
1224 4836 1427 4901 absolutione
1452 4836 1541 4901 etin
1565 4834 1659 4900 nobis
1682 4835 1799 4899 tollere
1823 4855 1901 4899 con-

264 4941 424 5004 fusionem
449 4949 483 5005 et
505 4942 596 5006 vobis
619 4943 759 5028 potestis
782 4964 972 5028 comparare
995 4940 1192 5008 mercedem.

368 5167 398 5217 11
419 5165 482 5219 Luc.
492 5164 539 5227 Vl,
551 5165 592 5219 31.
605 5164 646 5218 38.
735 5165 766 5218 12
783 5163 994 5230 Mactavere
1082 5164 1114 5217 ll
1132 5163 1233 5217 Matth.
1243 5161 1277 5227 V,
1288 5162 1329 5215 48.
1416 5161 1452 5214 ‘20
1468 5159 1629 5222 Matthl,
1645 5162 1683 5214 1⁴2.
1770 5159 1902 5214 22110011.

264 5250 430 5314 1111111113.

367 5389 440 5440 v.12
462 5387 593 5456 labellum]
616 5389 748 5455 Bamapc,
773 5389 869 5442 bellurn
888 5384 927 5452 G,
953 5388 1068 5440 libellum
1088 5387 1206 5439 cascar
1329 5406 1352 5439 v.
1373 5387 1405 5440 18
1429 5382 1549 5439 canth
1671 5403 1695 5435 v.
1715 5382 1747 5434 19
1772 5382 1903 5436 uultosG

264 5476 336 5528 v.‘22
354 5474 486 5544 largiorG
588 5494 612 5526 v.
625 5473 660 5526 ⁸24
678 5473 796 5542 hymnos]
814 5476 908 5526 finiunt
926 5469 1016 5526 uersus
1033 5470 1136 5525 adds}
1233 5472 1301 5525 dab
1315 5471 1367 5537 θ’,
1384 5474 1416 5524 ab
1430 5468 1472 5523 G²
1537 5469 1729 5524 ammieitiaeG
1828 5469 1859 5521 ll
1878 5481 1904 5522 st

263 5562 413 5630 dimittatur]
432 5564 567 5615 dimittitur
586 5559 612 5614 G
749 5560 781 5613 13
798 5562 903 5613 dimittit
921 5557 947 5612 G
1080 5558 1113 5612 14
1128 5564 1218 5612 nostra
1236 5556 1262 5611 G
1401 5557 1433 5609 16
1450 5560 1543 5611 auidus
1563 5559 1598 5611 6¹
1703 5559 1860 5626 prespexsrit
1878 5554 1904 5609 G

265 5649 297 5702 19
315 5660 477 5718 peccatorum
496 5669 562 5703 corr.
580 5667 596 5700 a
613 5649 791 5716 peccatoribus
811 5644 853 5700 G¹
947 5646 990 5720 Ι21
1010 5648 1154 5716 inlegamur
1174 5646 1197 5698 θ
1298 5645 1333 5698 23
1350 5640 1433 5697 iraG

367 5768 494 5824 Sincaius.
1666 5763 1701 5817 42
