4462 6216
392 343 476 395 XLIV
990 342 1199 398 PRAEFATIO
1218 343 1258 398 IN
1277 344 1456 398 SIDONIVM

391 521 424 578 et
452 515 489 580 F
516 515 557 579 ad
588 515 732 580 carmina
763 517 992 602 pertinentem.
1036 516 1120 580 hanc
1142 517 1242 601 igitur
1269 523 1308 581 ut
1333 517 1570 603 supplevimus,
1602 517 1776 583 recidimus
1799 539 1841 583 ex
1865 520 2045 584 carminum

392 619 602 686 adnotatione
626 621 863 706 discrepantias
879 620 1150 706 orthographicas
1173 629 1303 706 practer
1319 621 1546 686 memorabilia
1569 621 1729 706 quaedam
1752 629 1849 707 atque
1865 625 2046 709 scripturae

392 724 588 809 compendia
624 724 797 799 solvimus;
834 725 984 788 nimirum
1017 723 1180 788 desiderio
1211 746 1324 788 eorum
1360 725 1414 809 qui
1445 725 1550 809 ipsam
1580 724 1729 788 codicum
1760 726 1950 810 imaginem
1968 733 2045 792 ante

392 828 503 890 oculos
528 828 590 892 sibi
613 829 689 914 poni
714 829 859 913 cupiunt,
884 828 1099 914 epistularum
1123 827 1289 891 adnotatio
1313 827 1443 892 abunde
1468 829 1538 891 visa
1561 834 1610 893 est
1634 828 1844 892 satisfecisse.

499 982 684 1047 Rosrocnu.

1612 1075 1825 1148 Fnrnnnrcus
1852 1074 1940 1147 Lno.

503 1547 564 1644 Ad
594 1582 692 1645 vitam
722 1580 845 1645 Sidonii
881 1583 1096 1645 enarrandam
1125 1588 1257 1666 praeter
1287 1582 1409 1667 scripta
1437 1582 1540 1667 ipsius
1569 1582 1758 1648 adiumenta
1782 1584 1941 1648 habemus
1971 1585 2045 1664 tria,

390 1686 593 1770 epitaphium
622 1692 655 1748 ct
682 1707 766 1770 quae
794 1685 834 1750 do
863 1707 901 1750 eo
931 1686 1131 1771 scripserunt
1159 1684 1351 1749 Gennadius
1384 1695 1417 1748 et
1445 1684 1625 1770 Gregorius
1653 1687 1865 1754 Turonensis.
1911 1687 1961 1751 Ea
1984 1709 2043 1773 ap·

390 1810 567 1873 posuimus.

502 1932 528 1990 1.
553 1926 764 2013 Epitaphium
787 1925 894 1991 medio
918 1946 1015 2003 aevo,
1044 1932 1080 1990 ut
1104 1924 1242 2007 videtur,
1265 1926 1464 2012 descriptum
1489 1949 1531 1991 ex
1555 1928 1663 2013 lapide
1686 1929 1825 1993 fortasse
1849 1929 1881 1992 in
1905 1929 2045 1993 eeclesia

390 2028 529 2113 quadam
558 2030 644 2115 apud
668 2031 832 2094 Arvernos
862 2031 1028 2115 exposito,
1057 2029 1150 2093 nobis
1177 2029 1331 2093 traditum
1358 2051 1422 2094 uno
1452 2031 1565 2095 codice
1594 2031 1670 2095 olim
1695 2031 1919 2111 cluniacensi,
1946 2031 2044 2096 hodie

390 2133 575 2197 Matritensi
599 2155 684 2198 saec.
701 2133 733 2197 X
757 2136 808 2198 vel
832 2134 896 2211 ΧΙ,
925 2133 1026 2198 edidit
1054 2155 1097 2198 cx
1128 2132 1239 2198 codice
1268 2154 1306 2197 eo
1335 2134 1514 2198 aPithoco
1542 2143 1714 2221 acceptum
1746 2135 1869 2221 primus
1894 2134 2045 2219 Scaliger

389 2236 446 2320 (de
467 2236 593 2300 emend.
615 2242 714 2321 temp.
736 2236 888 2321 Lugduni
908 2240 990 2301 15118
1014 2260 1043 2323 p.
1061 2240 1124 2300 570
1148 2269 1188 2291 =
1213 2236 1264 2302 ed.
1284 2237 1507 2301 Genev.1629
1532 2262 1562 2325 p.
1579 2237 1668 2321 614),
1692 2239 1917 2324 repetiverunt
1939 2238 2044 2318 multi,

389 2359 470 2422 quos
495 2346 665 2403 enumerat
688 2339 829 2404 Leblant
849 2342 945 2403 inser.
968 2340 1160 2404 chre'ticnnes
1178 2340 1216 2402 dc
1236 2339 1269 2402 la
1287 2339 1390 2403 Gaulo
1413 2342 1476 2406 vol.
1500 2342 1519 2406 l.
1544 2362 1576 2408 n.
1592 2343 1664 2404 562.
1703 2341 1755 2405 Ad
1776 2340 1920 2405 codicem
1942 2342 2044 2419 illum,

389 2442 483 2505 nobis
504 2440 532 2506 0
550 2442 748 2528 descriptum
772 2444 891 2527 legitur
914 2465 1013 2530 supra
1036 2467 1067 2530 p.
1084 2443 1133 2506 VI
1158 2443 1218 2507 sub
1241 2444 1334 2507 titulo
1357 2443 1574 2524 epithaphium
1597 2443 1738 2508 Sidoni-i:
1780 2461 1785 2469 ·

852 2562 980 2628 Sanctis
1001 2564 1168 2645 contiguus
1188 2583 1340 2644 sacroque
1354 2564 1449 2643 patri

852 2669 929 2731 crivit
950 2669 997 2731 sic
1017 2668 1140 2732 auritis
1161 2666 1363 2748 Apollinaris

852 2771 990 2835 illustris
1012 2770 1124 2849 titrdis,
1141 2776 1256 2851 poteras
1276 2771 1401 2847 herme,

852 2880 954 2939 rector
975 2875 1109 2940 militiae
1128 2874 1252 2956 sordue
1274 2875 1380 2938 ‘ionica

854 2980 977 3044 Mundi
998 2981 1081 3043 iuter
1105 2980 1247 3044 tumidis
1267 2980 1395 3060 quietus
1416 2979 1521 3041 umiae

855 3106 1027 3149 carnarum
1048 3085 1215 3149 cenchreas
1236 3083 1369 3147 adindc
1391 3088 1494 3146 motas

856 3187 935 3270 lopas
956 3188 1119 3252 hurlmrico
1142 3188 1228 3251 dedit
1248 3187 1364 3267 furori,

854 3291 1110 3355 discordantibus
1132 3292 1215 3354 inter
1237 3310 1329 3354 araia
1351 3291 1457 3371 repnis

846 3414 960 3473 pacem
982 3393 1111 3458 consilio
1133 3394 1262 3457 reduxit
1283 3391 1396 3472 amplo.

852 3496 942 3560 Haec
963 3498 1047 3561 ‘inter
1069 3502 1175 3560 tornea
1195 3502 1225 3560 et
1240 3495 1494 3577 philosophando

852 3603 981 3683 scripsit
997 3603 1161 3682 perpetuis
1182 3601 1326 3666 habenda
1348 3601 1468 3665 saeclis.

852 3705 897 3768 Et
912 3710 987 3785 post
1009 3704 1090 3769 taho
1112 3707 1195 3770 daia
1221 3705 1412 3769 Gratiarum

850 3809 967 3872 sisinnii
982 3809 1148 3889 pontificis
1168 3809 1278 3872 sedens
1300 3808 1481 3872 cathedra-in

852 3913 1031 3978 mundanos
1052 3912 1154 3977 suboli
1176 3913 1297 3993 refudit
1319 3917 1419 3975 octus.

853 4017 992 4098 Quisque
1013 4017 1065 4080 hie
1087 4038 1156 4081 nim
1180 4016 1322 4081 lautinis
1343 4017 1436 4080 11111111
1456 4014 1591 4095 ropabis,

849 4120 995 4185 dextrum
1015 4120 1115 4201 funde
1130 4142 1240 4202 preces
1261 4141 1357 4201 snper
1377 4117 1574 4200 sepulerum:

849 4223 933 4288 nielli
954 4225 1134 4308 incopnitus
1155 4230 1184 4289 et
1206 4224 1352 4307 lepardus
1374 4224 1442 4289 orbi

849 4327 915 4392 illic
939 4327 1092 4394 Sidonius
1114 4329 1172 4393 tihi
1193 4330 1362 4393 invocetur.

799 4448 879 4512 ΧΠ
894 4449 935 4514 hl.
958 4449 1149 4530 Sopitcmbres
1170 4450 1294 4516 Zenone
1319 4450 1512 4530 imperatore.

493 4605 522 4667 2.
548 4601 749 4684 Gennadius,
766 4606 937 4692 presbyter
948 4607 1167 4672 Massiliensis
1187 4608 1318 4673 saeculo
1334 4607 1446 4692 quinto
1463 4611 1616 4683 exeunte,
1630 4604 1680 4667 vel
1698 4604 1804 4689 potius
1818 4605 1873 4690 qui
1890 4604 2038 4670 libellum

384 4705 454 4769 eius
482 4706 691 4794 interpolavit
714 4731 740 4773 c.
758 4712 799 4772 92
827 4709 942 4790 (habet
970 4711 1030 4775 hoo
1059 4718 1157 4797 eaput
1189 4712 1222 4774 in
1251 4706 1415 4796 plerisque
1443 4710 1536 4773 libris
1559 4708 1715 4771 omissum
1739 4706 1844 4771 codex
1867 4707 2037 4773 Parisinus

383 4833 415 4876 n.
436 4812 535 4874 12161
564 4832 648 4876 saec.
667 4812 746 4896 VII)
771 4814 818 4877 sic
842 4814 967 4878 scribit:

514 4947 666 5014 Sidonius
680 4950 898 5015 Arvernorum
919 4952 1081 5033 episcopus
1101 4950 1230 5029 scrr'psit
1251 4950 1343 5012 cana
1365 4955 1394 5013 ct
1413 4955 1508 5031 prata
1529 4947 1681 5030 eposium
1703 4953 1732 5012 ct
1753 4968 1852 5012 sanae
1867 4949 2038 5025 doct-rinae,

511 5053 600 5119 liorno
622 5055 777 5135 siquidem
806 5061 872 5118 tani
899 5055 1018 5118 divinis
1043 5075 1139 5134 piram
1166 5053 1317 5117 linusanis
1343 5053 1387 5116 ad
1408 5053 1564 5135 intepmnn
1586 5053 1728 5117 irnbidus
1749 5073 1881 5133 acerque
1902 5053 2036 5134 iugenio.

510 5159 638 5239 scripsit
660 5159 704 5222 ad
725 5159 862 5223 diversos
884 5159 1004 5223 diuerso
1019 5163 1115 5221 rrictro
1136 5156 1182 5221 acl
1189 5179 1291 5237 prosa
1306 5158 1508 5238 corripiendam
1523 5156 1733 5237 epistrdarnnr
1748 5156 1870 5238 insigne
1885 5154 2037 5235 volumen,

510 5263 547 5325 in
567 5282 629 5343 quo
650 5263 730 5343 quid
756 5263 793 5325 in
820 5260 935 5325 littoris
955 5266 1061 5343 posset
1089 5261 1231 5324 ostendit.
1263 5281 1372 5323 acrum
1400 5260 1436 5323 in
1462 5258 1645 5324 Christiano
1673 5261 1776 5341 cipere
1799 5259 1920 5339 poliens
1942 5261 2039 5324 etiam

510 5367 593 5429 inter
615 5366 769 5430 barbarae
789 5364 964 5445 ferocitatis
985 5365 1155 5443 duritiam,
1180 5384 1261 5445 pirae
1284 5385 1317 5428 co
1340 5369 1473 5443 ternpore
1498 5362 1607 5427 Gallos
1629 5369 1837 5443 oppresserat,
1866 5363 2038 5428 catholicus

503 5475 600 5549 pater
622 5476 652 5534 et
673 5470 779 5534 doctor
800 5468 935 5532 hahetur
956 5468 1101 5549 insignis.
1129 5467 1240 5548 [lauit
1263 5488 1301 5533 ea
1328 5472 1519 5548 turmcstote,
1549 5488 1615 5549 pira
1636 5468 1701 5530 Leo
1724 5472 1752 5530 ct
1775 5467 1859 5531 Zeno
1883 5467 2038 5533 Romanis

510 5574 716 5654 imperabant.
