4462 6216
868 1154 1028 1275 GAI
1063 1154 1351 1276 SOLLII

378 1431 1267 1599 APOLLINARIS
1334 1432 1840 1600 SIDONII

657 1741 1555 1908 EPISTULARUM

764 2061 1017 2182 arana
1053 2061 1462 2184 OCTAVUS.

1100 2517 1126 2581 Ι.

705 2637 917 2703 SIDONIUS
940 2614 1168 2703 PETRONIO
1193 2638 1279 2703 SUO
1304 2638 1527 2705 SALUTEM.

234 2764 246 2824 l
395 2743 456 2837 Tu
479 2770 614 2857 quidem
642 2768 775 2855 pulchre
809 2771 892 2841 (mos
919 2768 972 2832 hic
1000 2775 1088 2848 tuus,
1121 2774 1154 2833 ct
1182 2768 1384 2855 persevera),
1420 2768 1469 2831 vir
1504 2768 1648 2833 omnium
1679 2770 1848 2851 bonorum,
1880 2775 1936 2855 qui

283 2874 411 2959 uspiam
441 2874 576 2960 degunt,
605 2873 703 2938 laude
734 2870 937 2956 dignissime,
970 2872 1056 2956 quod
1086 2872 1263 2936 amicorum
1292 2872 1425 2957 gloriae,
1459 2871 1564 2936 sicubi
1594 2873 1695 2950 locus,
1726 2873 1935 2944 lenocinaris.

284 2977 359 3041 hino
382 2985 434 3042 est
457 2978 542 3064 qued
572 2979 670 3042 etiam
699 2976 817 3040 serinia
839 2974 990 3040 Arverna
1020 2976 1107 3060 petis
1137 2975 1318 3055 eventilari,
1354 2975 1406 3039 cui
1435 2975 1585 3040 sufficere
1616 2978 1875 3063 suspicabamur,
1907 2980 1936 3044 si

282 3080 360 3165 quid
394 3082 561 3167 superiore
597 3082 732 3165 vulgatu
765 3077 1023 3165 protulissemus.
1070 3079 1180 3164 itaque
1207 3099 1340 3145 ,morem
1375 3098 1528 3162 geremus
1562 3079 1734 3160 iniunctis,
1769 3082 1932 3146 actionem
1975 3099 1987 3133 ὁ

282 3191 392 3250 tamen
415 3186 482 3250 stili
506 3192 642 3250 eatenus
667 3183 884 3270 prorogaturi,
908 3188 944 3246 ut
960 3183 1173 3268 epistularum
1197 3184 1318 3247 seriem
1341 3183 1491 3246 nimirum
1515 3202 1534 3244 a
1557 3174 1735 3267 primordio
1758 3185 1934 3251 voluminis

283 3287 508 3353 inchoatarum
532 3289 566 3352 in
589 3288 713 3354 extimo
737 3286 801 3349 fine
826 3286 918 3371 parvi
942 3284 1048 3350 adhue
1071 3287 1195 3350 numeri
1223 3307 1349 3350 summa
1378 3283 1563 3372 protendat,
1594 3306 1675 3372 opus
1698 3287 1853 3352 videlicet
1875 3311 1936 3353 ex·

231 3393 251 3454 2
283 3392 428 3477 plicitum
452 3390 594 3476 quodam
625 3391 719 3477 quasi
747 3390 904 3474 marginis
933 3390 983 3454 sui
1015 3389 1117 3454 limbo
1149 3397 1353 3455 coronatura.
1400 3387 1459 3455 sed
1488 3389 1562 3475 plus
1593 3390 1772 3454 cavendum
1801 3399 1862 3471 est,
1894 3414 1935 3458 ne

285 3515 359 3558 sera
389 3501 522 3581 propter
552 3494 616 3557 iam
645 3493 808 3578 propalati
837 3500 1013 3577 augmenta
1045 3493 1219 3558 voluminis
1248 3494 1281 3558 in
1313 3493 1438 3579 aliquos
1470 3492 1607 3556 forsitan
1641 3492 1820 3558 incidamus
1850 3495 1936 3560 vitu-

283 3618 433 3681 perones,
465 3618 601 3683 quorum
633 3596 747 3682 lugere
775 3597 903 3680 linguas
934 3602 1007 3661 cote
1036 3597 1147 3661 livoris
1178 3597 1374 3662 naturalitus
1404 3597 1607 3661 acuminatas
1636 3618 1677 3660 uc
1700 3596 1936 3664 Demosthenis
1963 3614 1989 3653 ¹⁰

284 3700 413 3784 quidem
445 3699 678 3785 Ciceronisque
708 3702 891 3765 sententiae
926 3700 1068 3766 artifices
1099 3707 1133 3767 et
1165 3701 1296 3787 eloquia
1321 3701 1413 3765 fabra
1444 3706 1592 3786 potuere,
1627 3721 1762 3784 quorum
1791 3703 1935 3767 anterior

284 3811 393 3867 orator
419 3802 607 3882 Demaden,
644 3804 776 3869 citerior
806 3804 985 3870 Antonium
1017 3806 1201 3871 toleravere
1236 3805 1462 3891 derogatores;
1494 3805 1548 3890 qui
1581 3804 1672 3869 lividi
1707 3827 1780 3869 cum
1812 3806 1936 3872 fuerint

283 3907 428 3970 malitiae
452 3908 572 3985 clarae,
597 3906 749 3972 dictionis
774 3907 942 3988 obscurae,
974 3914 1083 3974 tamen
1106 3908 1147 3973 ud
1169 3909 1319 3974 notitiam
1351 3915 1559 3995 posterorum
1586 3929 1645 3994 per
1673 3908 1748 3973 odia
1776 3911 1934 3976 virtutum

232 4011 252 4073 3
282 4009 547 4074 decucurrerunt.
599 4011 656 4075 sed
691 4013 767 4097 quia
800 4011 956 4086 hortaris,
990 4013 1136 4099 repetitis
1171 4012 1320 4077 laxemus
1354 4014 1429 4076 vela
1457 4011 1643 4077 turbinibus
1678 4020 1711 4077 et
1745 4015 1799 4097 qui
1829 4015 1933 4080 veluti

284 4115 386 4178 maria
409 4115 658 4196 transmisimus,
681 4116 743 4181 hoc
767 4118 859 4202 quasi
885 4123 1037 4202 stagnum
1059 4117 1323 4204 pernavigemus.
1367 4137 1441 4181 nam
1470 4117 1549 4181 satis
1572 4116 1679 4180 habeo
1704 4115 1946 4197 deliberatum,
1961 4134 1986 4171 15

284 4217 367 4282 sieut
389 4218 608 4284 adhibendam
630 4220 664 4284 in
687 4221 926 4308 conscriptione
951 4221 1166 4307 diligentiam,
1200 4222 1246 4285 ita
1268 4218 1441 4286 tenendam
1470 4220 1503 4283 in
1531 4219 1678 4285 editione
1707 4221 1934 4289 constantiam.

284 4320 416 4386 demum
438 4343 516 4388 vero
539 4322 683 4387 medium
711 4323 792 4387 nihil
821 4331 886 4389 est:
920 4345 1061 4409 namque
1089 4331 1146 4388 aut
1171 4320 1341 4389 minimum
1370 4345 1414 4390 ex
1440 4323 1532 4388 hisce
1561 4322 1772 4389 metuendum
1803 4329 1855 4389 est
1876 4331 1934 4390 aut

286 4427 476 4511 peremnia
499 4428 631 4492 omuino
656 4428 951 4495 conticescendum.
995 4430 1079 4496 vale.

283 4565 368 4573 —.

386 4651 398 4702 l
419 4654 539 4705 Sidonius
563 4663 586 4706 et
607 4671 654 4706 suo
676 4656 785 4706 salutem
803 4672 851 4706 om.
865 4655 894 4706 F
1011 4652 1028 4705 2
1050 4655 1157 4721 pulchre
1181 4653 1218 4718 (re
1240 4655 1267 4705 irs
1289 4671 1343 4704 ras.
1356 4652 1390 4702 Μ
1394 4651 1414 4717 ¹)
1428 4651 1467 4716 Μ,
1491 4653 1579 4719 pulcro
1597 4652 1620 4703 0
1737 4651 1756 4704 4
1777 4670 1892 4705 arvenna
1909 4653 1933 4704 L

282 4772 428 4823 eventilaris
453 4771 476 4837 (s
499 4790 565 4825 eros.
584 4772 618 4822 Μ
623 4772 642 4839 ¹)
659 4774 692 4823 Μ
767 4775 978 4841 conspicabamur
994 4772 1022 4823 F
1129 4773 1146 4825 5
1169 4774 1354 4840 protilissemus
1367 4773 1395 4824 F
1506 4769 1521 4822 ‘l
1544 4772 1639 4825 extimo
1663 4791 1729 4826 corr.
1749 4791 1780 4825 cr
1797 4767 1933 4827 01111110ι

284 4889 302 4941 8
319 4849 358 4958 disi
376 4910 443 4944 corr.
461 4910 492 4945 ex
509 4851 585 4960 (idam
599 4893 627 4944 F
631 4894 639 4925 ¹
764 4892 781 4945 9
799 4895 999 4979 vituperationes
1013 4893 1042 4944 F
1047 4893 1054 4924 ¹
1180 4891 1214 4945 10
1231 4901 1288 4945 cote
1303 4894 1331 4945 in
1348 4911 1401 4945 ras.
1415 4893 1449 4943 Μ
1453 4894 1461 4924 ¹
1543 4851 1668 4945 nobilitor
1683 4895 1727 4959 0¹,
1744 4895 1895 4946 naturaliter
1912 4895 1938 4945 Τ

282 5014 465 5065 assuminatas
489 5011 581 5077 (uuam
603 5015 650 5067 tic.
669 5031 735 5066 cros.
752 5015 785 5065 Μ
788 5014 811 5079 ²)
828 5015 861 5064 Μ
945 5030 993 5066 uec
1009 5013 1044 5063 Μ
1046 5013 1113 5065 Ter>
1197 5015 1351 5066 demostenis
1367 5013 1443 5078 TGF,
1465 5015 1638 5066 demonstanis
1650 5013 1707 5064 MP
1827 5015 1859 5066 ll
1878 5034 1934 5068 son·

284 5135 420 5185 tenoiaoO
527 5132 561 5186 12
578 5144 662 5188 orator
674 5136 704 5185 Μ
710 5135 783 5201 nol),
800 5129 863 5188 orat'
874 5136 907 5200 L,
924 5153 972 5187 ora.
985 5135 1014 5186 F
1079 5137 1211 5188 clemaden
1223 5136 1252 5188 F
1317 5136 1450 5188 antonium
1467 5136 1530 5187 odd.
1547 5136 1575 5186 in
1592 5153 1675 5201 marg.
1688 5135 1728 5186 F¹
1800 5155 1837 5187 ou
1854 5138 1935 5189 acclu-

283 5252 396 5303 dendum
412 5253 503 5306 lividi?
613 5253 645 5306 13
663 5257 814 5308 maliciaeG
880 5256 1000 5307 noticiam
1018 5254 1088 5307 TOF
1153 5214 1283 5324 postdorum
1298 5257 1332 5307 0¹
1403 5256 1610 5308 deuourrerunt
1629 5255 1659 5320 (2
1677 5256 1723 5325 tor,
1742 5274 1809 5306 erar.
1822 5257 1855 5307 Μ
1859 5259 1881 5322 ²)
1896 5257 1936 5321 Μ,

283 5372 451 5425 decurromnt
468 5373 562 5425 TOFP
681 5374 715 5427 14
732 5375 884 5442 reperitisL
970 5376 1086 5428 laxamus
1102 5376 1127 5426 Τ
1208 5378 1356 5429 turbinibus
1366 5376 1397 5426 M
1403 5375 1502 5439 TC'FP,
1525 5376 1697 5452 turbidinisL
1820 5375 1854 5430 15
1871 5336 1935 5431 trans

283 5494 399 5543 misimus
418 5492 450 5541 Μ
456 5493 464 5523 ¹
611 5493 644 5547 16
669 5497 841 5548 adhibendum
859 5495 888 5546 F
987 5497 1124 5563 scriptione
1146 5496 1171 5545 Τ
1313 5494 1344 5547 lt
1372 5498 1451 5548 nichil
1470 5498 1503 5548 M
1506 5497 1579 5560 ToP,
1607 5455 1632 5547 ul
1655 5496 1683 5546 F
1785 5515 1887 5564 narique
1905 5498 1939 5549 Μ

285 5610 317 5662 18
335 5611 552 5665 conticiseeudum
565 5614 612 5666 Ml
680 5623 755 5665 totam
775 5633 815 5681 ep.
827 5615 865 5665 ῙῙ
878 5633 926 5666 om.
939 5614 993 5666 LT
1057 5616 1245 5682 insciptioraem
1263 5635 1311 5668 om.
1324 5617 1353 5667 F
