4462 6216
160 1695 536 1842 FAUSTI
579 1697 1280 1874 ALIORUMQUE
1330 1696 1909 1844 EPISTULAE

359 1939 511 2082 AD
565 1938 1111 2087 RURIOIUM
1155 1939 1711 2115 ALIOSQUE.

904 2230 1160 2239 -—

1022 2485 1049 2553 I.
1879 2468 1912 2542 G

213 2639 391 2704 DOMINO
414 2638 611 2704 PIISSIMO
634 2638 692 2702 ET
715 2638 762 2702 IN
787 2638 983 2705 CHRISTO
1008 2638 1166 2705 SUMMO
1188 2638 1291 2703 MIHI
1313 2638 1498 2703 HONORu
1522 2635 1859 2703 SINGULARI'IER

173 2758 184 2794 ⁵
603 2741 879 2809 EXOOLENDO
902 2743 1089 2808 ItURICIO
1115 2742 1237 2807 FILIO
1260 2741 1475 2807 FAUSTUS.

315 2863 423 2953 Iacer
446 2910 505 2975 per
527 2909 762 2973 quamcumque
786 2907 958 2974 personam
983 2886 1159 2951 iucundum
1183 2886 1261 2950 mihi
1278 2887 1321 2951 sit
1337 2907 1411 2950 cunr
1426 2884 1591 2951 individuo
1606 2892 1738 2972 pectore
1755 2886 1858 2972 ipsius
1894 2888 1905 2946 l

214 2994 359 3058 caritatis
375 2992 511 3057 vocibus
534 2992 674 3076 colloqui
689 2999 722 3057 et
738 2989 852 3056 sedula
868 3010 926 3053 vos
941 2988 1119 3053 ciliciorum
1141 2989 1317 3055 ambitione
1341 2991 1524 3076 complecti,
1548 2988 1606 3053 sed
1627 3010 1713 3054 nunc
1736 2996 1857 3076 quanto

212 3098 425 3184 opportunius
449 3102 540 3161 tanto
565 3095 690 3160 avidius
713 3097 832 3183 pignus
856 3096 954 3160 animi
970 3096 1070 3160 vestri
1093 3096 1273 3160 ministerio
1298 3095 1467 3162 domestici
1491 3096 1658 3182 portitoris
1682 3098 1854 3183 assumpsi,

213 3201 245 3265 in
279 3202 370 3265 cuius
402 3200 518 3265 merito
550 3201 657 3264 minus
692 3200 870 3286 assignavit
904 3200 1018 3264 relatio
1054 3220 1151 3284 quam
1182 3200 1332 3284 probavit
1367 3201 1501 3285 agnitio.
1552 3207 1585 3264 et
1615 3208 1789 3288 propterea
1818 3201 1859 3265 ad
1891 3203 1911 3264 2

161 3319 186 3357 1⁰
215 3305 354 3368 fructum
378 3311 524 3368 vestrum
548 3304 689 3369 crevisse
711 3304 894 3389 gratulatus
919 3324 1005 3383 sum,
1034 3300 1119 3388 quod
1142 3301 1176 3365 in
1199 3322 1238 3366 eo
1261 3303 1329 3366 vita
1352 3303 1465 3368 melior
1487 3303 1709 3369 condicionem
1733 3306 1858 3391 primae

215 3409 392 3472 nativitatis
422 3407 566 3472 abolevit
593 3414 690 3492 atque
719 3408 752 3472 in
781 3430 819 3472 eo
851 3428 990 3472 naevum
1015 3406 1146 3491 generis
1169 3406 1383 3471 manumissio
1406 3407 1572 3492 religionis
1596 3408 1749 3473 abstersit
1772 3414 1805 3473 et
1827 3408 1861 3473 iu

214 3511 420 3597 adoptionem
437 3510 559 3575 Christi
580 3533 753 3596 personam
776 3511 930 3597 mancipii
949 3510 1013 3576 lide
1031 3509 1248 3596 emancipavit
1264 3511 1528 3598 ettrsuscripsit.
1574 3510 1733 3596 quomodo
1749 3517 1859 3576 autem
1892 3514 1910 3574 3

214 3615 299 3700 apud
323 3616 392 3678 eius
416 3614 469 3679 vel
491 3615 577 3700 apud
601 3617 800 3700 reliquorum
821 3616 960 3681 fratrum
983 3616 1123 3679 lacteam
1148 3614 1366 3678 sinceritatem
1397 3635 1497 3700 agere
1528 3612 1735 3694 deberemus,
1765 3614 1858 3678 latis·

214 3720 328 3783 simam
356 3719 496 3804 apostoli
527 3717 800 3804 dispensationem
829 3718 982 3806 expedito
1011 3718 1194 3804 digessistis
1223 3719 1381 3804 alloquio,
1417 3724 1450 3784 et
1477 3739 1551 3782 curn
1582 3739 1640 3783 eos
1672 3717 1860 3783 doctissima

162 3838 185 3875 1⁵
216 3824 336 3908 pagina
358 3823 464 3887 minus
487 3822 600 3887 doctos
624 3824 754 3904 asserit,
785 3845 844 3887 nos
876 3831 986 3887 tamen
1013 3823 1046 3886 iu
1070 3843 1183 3886 eorum
1207 3820 1387 3887 defaecatis
1410 3821 1553 3886 moribus
1576 3822 1725 3886 admirati
1747 3842 1859 3887 sumus

213 3927 415 4012 pardonum
445 3925 707 3991 mansuetudinis
739 3933 773 3991 et
801 3926 993 3990 humilitatis
1020 3923 1257 4011 plenitudinem
1285 3925 1449 3990 lectionis:
1483 3926 1583 3990 vincit
1610 3927 1695 3990 eninr
1725 3925 1860 4010 largitas

215 4031 339 4115 gratiae
363 4031 512 4094 instituta
535 4029 712 4095 doctrinae.
758 4051 833 4095 narn
858 4030 917 4094 etsi
943 4028 1002 4092 sub
1026 4030 1147 4114 exiguo
1170 4035 1317 4114 tempore
1341 4030 1425 4094 intra
1454 4050 1567 4094 eorum
1593 4029 1701 4094 lucida
1728 4035 1862 4114 pectora
1893 4033 1910 4092 l

214 4141 247 4197 et
276 4135 446 4219 perspicua
474 4133 655 4217 penetralia
683 4133 863 4197 introduxit
893 4153 929 4197 se
957 4153 1073 4197 sensus
1097 4130 1236 4196 candide
1259 4133 1384 4218 puritas
1408 4140 1441 4196 et
1463 4133 1634 4220 praeclara
1657 4133 1860 4217 simplicitas,

213 4259 272 4322 per
295 4258 391 4322 quam
415 4237 541 4302 divinae
570 4237 717 4321 imaginis
749 4237 916 4323 speculum
948 4235 981 4299 in
1008 4236 1171 4300 interioris
1202 4235 1340 4299 hominis
1369 4237 1473 4302 nitore
1501 4236 1674 4322 perfulget.
1720 4235 1859 4313 divinae,
1893 4240 1912 4298 5

162 4352 187 4391 2⁰
217 4342 363 4424 inquam,
386 4341 552 4424 imaginis;
579 4341 625 4404 ita
649 4340 735 4404 enirn
758 4339 798 4404 de
822 4338 952 4404 domino
976 4339 1130 4424 legimus:
1166 4359 1280 4425 purus,
1310 4340 1463 4425 simplex,
1495 4339 1634 4404 subtilis.
1680 4339 1737 4404 sed
1761 4340 1861 4404 multo

216 4445 302 4509 aliud
326 4445 448 4509 indicet
470 4445 579 4509 divina
602 4445 659 4509 ille
682 4444 887 4529 simplicitas:
913 4443 1073 4530 siquidem
1095 4445 1128 4509 iu
1151 4444 1245 4509 nobis
1269 4444 1392 4528 duplex
1414 4445 1500 4508 inest
1522 4445 1554 4508 in
1578 4444 1692 4530 spiritu
1713 4450 1746 4508 ct
1763 4464 1860 4507 carne

216 4549 413 4628 substantia,
443 4571 501 4612 nos
525 4547 610 4633 quod
634 4548 793 4613 habemus
817 4548 1017 4634 accepimus,
1040 4549 1134 4613 nobis
1158 4548 1288 4613 dirersa
1312 4549 1464 4612 virtutum
1489 4548 1684 4612 charismata
1708 4546 1861 4611 adiuncta

215 4661 299 4734 sunt,
324 4674 388 4716 non
411 4654 531 4717 innata.
577 4653 647 4716 sine
670 4650 768 4716 dubio
791 4653 964 4738 opponitur
987 4651 1072 4737 qucd
1096 4653 1217 4716 auferri
1234 4657 1355 4737 potest:
1379 4657 1415 4714 ut
1435 4650 1512 4714 boni
1528 4650 1639 4730 simus,
1663 4650 1704 4714 de
1722 4653 1862 4716 auctoris
1894 4655 1913 4713 6

215 4781 325 4822 sumus
348 4758 495 4822 bonitate
520 4756 668 4822 mutuati.
713 4777 755 4820 ex
778 4755 834 4819 illc
858 4754 988 4839 quidem
1011 4756 1164 4829 vivimus;
1188 4754 1247 4821 sed
1269 4756 1350 4834 vita,
1376 4755 1459 4819 sicut
1483 4755 1538 4820 ille
1562 4761 1628 4835 est,
1652 4775 1716 4818 non
1740 4775 1862 4821 sumus.

163 4877 188 4916 2³⁵
218 4863 293 4927 iusti
322 4884 395 4927 csse
419 4882 607 4947 possumus,
638 4859 763 4924 iustitis
786 4879 860 4923 esse
883 4880 948 4923 non
971 4880 1154 4945 possumus.
1200 4859 1256 4924 ille
1279 4858 1353 4923 idco
1379 4858 1535 4944 simplex,
1564 4859 1640 4942 quia
1663 4857 1742 4921 nibil
1766 4858 1797 4922 ei
1819 4880 1862 4924 cx

216 4966 385 5031 accedenti
407 4966 557 5050 largitate
581 4964 734 5029 collatum
758 4969 819 5027 est.
864 4964 918 5047 qui
941 4984 984 5028 ex
1007 4984 1043 5028 se
1067 4963 1229 5042 subsistit,
1260 4962 1391 5027 aliunde
1415 4962 1494 5026 nibil
1525 4962 1674 5048 sumpsit.
1719 4961 1800 5027 deus
1825 4970 1858 5028 et
1892 4966 1910 5026 7

215 5072 328 5135 vivens
351 5071 472 5154 pariter
495 5076 528 5133 et
545 5070 621 5147 vita,
645 5068 749 5133 bonus
773 5073 807 5132 et
830 5065 968 5147 bonitas,
992 5067 1175 5132 misericors
1199 5072 1233 5130 et
1248 5065 1486 5132 misericordie:
1509 5066 1542 5129 in
1559 5064 1714 5129 virtutum
1731 5087 1862 5130 suarum

216 5176 320 5260 gloria
344 5175 405 5238 hoc
428 5181 478 5238 cst
500 5175 571 5259 ipse
595 5173 681 5259 quod
703 5173 860 5260 possidet.
900 5173 1117 5237 verbotenus
1141 5172 1237 5237 homo
1263 5172 1440 5238 deauratus
1464 5178 1527 5250 est,
1551 5171 1632 5236 deus
1657 5193 1771 5236 aurum
1795 5180 1861 5237 cst:

317 5450 372 5519 31]
392 5470 440 5503 ons.
455 5453 478 5503 G
572 5450 588 5502 6
606 5449 650 5518 sit]
668 5460 709 5503 est
718 5451 860 5502 Mommsen
917 5451 1042 5517 pectori}
1137 5450 1166 5502 ll
1186 5452 1303 5503 neumG
1394 5449 1426 5500 1⁴2
1444 5451 1614 5516 emancipiant
1628 5451 1652 5500 (1
1746 5448 1776 5500 13
1793 5450 1863 5517 apud

215 5539 281 5607 eius]
300 5542 332 5592 ab
350 5541 406 5591 eius
422 5540 444 5590 G
566 5536 599 5590 15
616 5536 714 5605 doctos]
731 5538 831 5603 scripsi,
852 5537 980 5589 doctusG
1101 5535 1134 5588 18
1152 5555 1179 5588 se
1197 5533 1298 5602 sensus]
1316 5537 1416 5602 scripti,
1438 5537 1563 5588 sensosG
1684 5533 1716 5586 19
1733 5536 1865 5587 interiores

216 5629 331 5679 homiues
346 5629 369 5677 (l
461 5627 496 5677 ‘20
513 5626 599 5677 sitsO
704 5620 739 5674 24
755 5624 846 5677 mutati
866 5623 890 5676 θ
958 5621 1018 5690 non]
1036 5641 1083 5677 nos
1103 5623 1127 5676 θ

319 5745 446 5801 Sincaius.
1624 5738 1659 5794 34
