4462 6216
853 363 945 419 XXIV
962 383 988 419 v.
1008 368 1021 419 1
1042 395 1073 406 -
1094 383 1119 420 ν.
1136 366 1179 422 85.

606 538 711 623 qualis
734 559 795 603 nec
818 537 984 624 Phrygiae
1007 538 1116 604 dicata
1132 538 1258 605 Vestae

607 661 691 725 quae
723 649 836 708 eontra
864 642 945 708 satis
972 642 1130 708 Albulam
1161 650 1342 710 tumentem

607 744 700 810 duxit
723 746 872 831 virgineo
894 752 999 812 ratem
1022 746 1152 833 capillo.

607 849 683 914 hine
710 858 743 915 te
770 849 927 932 Lassora,
955 848 1127 916 Caucason
1158 851 1353 938 Scytharum

565 993 569 1003 ·
609 954 754 1035 vincens,
777 954 918 1041 aspiciet
939 955 1089 1040 citusque
1113 955 1240 1038 Tarnis,

607 1058 761 1123 limosum
785 1066 818 1124 et
841 1059 946 1124 solido
970 1080 1087 1147 sapore
1110 1081 1260 1147 pressum

607 1164 731 1250 piscem
754 1164 929 1250 perspicua
950 1184 1070 1248 gerens
1092 1164 1125 1229 in
1146 1163 1245 1229 unda.

607 1268 660 1331 hic
683 1267 755 1332 Zeti
779 1273 812 1332 et
835 1267 945 1333 Calais
968 1266 1028 1332 tibi
1051 1267 1135 1334 adde
1159 1290 1285 1354 pennas

607 1371 857 1456 nimbosumque
880 1372 992 1457 iugum
1014 1372 1113 1458 fugax
1139 1380 1271 1439 caveto:

551 1491 561 1525 ⁵
607 1497 747 1561 namque
770 1482 822 1541 est
845 1476 999 1542 assiduae
1021 1477 1114 1542 ferax
1137 1478 1316 1563 proeellae;

608 1582 667 1648 sed
690 1583 838 1668 quamvis
861 1583 975 1669 rapido
998 1583 1104 1648 lerere
1128 1604 1237 1663 cursu,

608 1688 729 1752 lassum
752 1693 785 1752 te
801 1687 997 1773 Voroangus
1020 1686 1191 1752 obtinebit.

607 1796 752 1855 nostrum
775 1791 829 1856 hic
851 1791 999 1856 invenies
1021 1791 1258 1877 Apollinarem,

609 1915 667 1959 seu
691 1901 805 1959 eontra
829 1893 935 1958 rabidi
957 1895 1061 1960 leonis
1084 1902 1194 1959 aestus

552 2013 569 2049 ³¹-
607 1999 707 2064 vestit
729 1999 852 2084 frigore
876 2020 1073 2064 marmorum
1096 2005 1245 2085 penates,

608 2102 676 2167 sive
701 2102 802 2166 hortis
826 2103 984 2189 spatiatur
1006 2103 1039 2167 in
1062 2103 1214 2190 repostis,

608 2206 720 2291 qualos
743 2206 903 2272 mellifera
927 2207 1033 2271 virent
1055 2207 1089 2271 in
1111 2206 1233 2293 Hybla,

607 2311 722 2395 quales
747 2308 922 2395 Corycium
945 2331 1059 2376 senem
1081 2311 1218 2377 beantes

607 2413 759 2479 fuscabat
780 2414 866 2501 picei
889 2415 981 2479 latex
1004 2414 1153 2486 Galaesi;

558 2535 562 2545 ·
608 2519 677 2582 sive
701 2518 786 2582 inter
807 2519 920 2598 violas,
943 2519 1101 2604 thymum,
1123 2518 1307 2603 ligustrum,

609 2621 797 2708 serpyllum,
826 2621 959 2700 casiam,
987 2642 1118 2686 erocum
1147 2628 1245 2706 atque
1273 2621 1404 2699 caltam,

607 2725 770 2789 narcissos
794 2724 1089 2810 hyacinthinosque
1113 2726 1210 2790 flores

608 2828 734 2914 spernit
756 2849 854 2914 quam
878 2829 974 2915 pretii
997 2829 1117 2916 petitor
1140 2829 1239 2915 ampli

608 2932 762 3017 glaebam
784 2933 899 2998 turifer
924 2932 1058 2998 advehit
1081 2932 1247 3001 Sabaeus:

557 3053 576 3089 »ἰ
609 3056 668 3100 scu
690 3037 765 3100 licto
788 3037 896 3123 potius
920 3056 1022 3124 specu
1045 3036 1186 3121 quiescit

609 3139 701 3204 collis
723 3140 883 3224 margine,
907 3160 971 3225 qua
992 3159 1108 3205 nemus
1132 3140 1290 3204 reflexum

608 3243 753 3308 nativam
776 3243 856 3308 dare
879 3245 1040 3331 porticum
1055 3243 1217 3309 'laborans

610 3369 675 3413 non
697 3348 806 3412 lucum
830 3347 1002 3412 arboribus
1025 3347 1114 3426 facit,
1138 3345 1197 3412 sed
1220 3351 1358 3411 antrum.

609 3452 681 3538 quis
704 3451 852 3539 pomaria
874 3452 982 3538 prisca
1005 3451 1094 3536 regis
1116 3449 1190 3515 Indi

554 3570 563 3607 ῑ
610 3556 662 3620 hio
686 3576 771 3619 nunc
796 3560 963 3642 comparet
986 3575 1169 3639 aureasque
1193 3553 1277 3618 vites

609 3660 730 3725 electro
754 3657 914 3723 viridante
938 3658 1156 3745 pampinatas,

610 3782 683 3826 cum
707 3762 813 3826 Porus
836 3762 946 3848 posuit
969 3767 1123 3848 crepante
1145 3781 1228 3847 gaza

608 3866 697 3931 fulvo
721 3887 763 3930 ex
785 3864 921 3951 palmite
945 3864 1074 3930 vineam
1097 3865 1222 3930 metalli

609 3989 810 4055 gemmarum
833 3968 1036 4033 fluitantibus
1059 3968 1218 4033 racemis?

567 4111 571 4120 -
657 4071 745 4136 Hine
768 4078 804 4135 tu
827 4070 958 4137 Cottion
982 4072 1047 4136 ibis
1070 4078 1168 4157 atque
1192 4070 1290 4135 Avito

609 4179 719 4238 nostro
742 4172 823 4238 dicis
846 4173 943 4249 ‘ave’;
974 4173 1092 4241 dehinc
1116 4172 1257 4240 ‘valeto’.

611 4276 711 4341 debes
735 4276 927 4362 obsequium
951 4277 1019 4342 viro
1043 4298 1199 4364 perenne.

610 4401 695 4461 nam,
719 4379 799 4445 dent
821 4380 897 4445 hino
921 4382 1048 4446 veniam
1071 4382 1137 4446 mei
1160 4382 1342 4468 propinqui,

609 4505 675 4548 non
697 4483 793 4548 nobis
816 4485 905 4570 prior
928 4491 979 4549 est
1000 4506 1119 4571 parens
1141 4485 1256 4549 amieo.

611 4587 686 4652 hinc
709 4593 742 4652 te
766 4588 830 4651 iam
853 4587 1001 4669 Fidulus,
1025 4587 1125 4653 decus
1148 4588 1305 4652 bonorum

610 4696 644 4756 et
666 4712 727 4756 nee
750 4690 906 4757 Tetradio
931 4693 1011 4756 satis
1036 4691 1198 4757 secundus

610 4816 737 4859 morum
761 4794 889 4859 dotibus
911 4801 969 4860 aut
990 4802 1102 4861 tenore
1127 4796 1219 4877 raeti,

611 4903 726 4969 saneta
750 4898 888 4985 suscipit
910 4899 1144 4986 hospitalitate.

610 5002 688 5067 exin
711 5000 809 5066 tende
833 5002 970 5087 gradum
993 5001 1178 5087 Tribusque
1195 5001 1293 5066 Villis

554 5120 578 5155 ⁸⁵
612 5104 848 5170 Thaumastum
877 5113 1007 5193 expete,
1037 5107 1215 5193 quemlibet
1241 5105 1393 5170 duorum:

295 5330 326 5380 ll
348 5331 472 5397 phirigiae
491 5331 519 5380 F
619 5329 654 5382 43
671 5338 752 5380 ratam
772 5329 810 5381 0⁸
912 5328 946 5382 47
964 5332 1048 5399 picem
1068 5331 1090 5383 C
1191 5329 1226 5383 50
1246 5338 1286 5383 est
1303 5347 1352 5381 oar.
1366 5328 1392 5379 P
1496 5328 1530 5380 5⁸2
1548 5329 1703 5396 vorooingus
1722 5330 1750 5392 C,
1771 5347 1844 5382 vora·

193 5418 285 5482 ringus
304 5417 360 5479 PT,
383 5419 536 5483 veracingus
554 5417 582 5467 F
652 5417 785 5468 obtinebat
803 5417 846 5467 Pe
958 5415 992 5468 53
1011 5418 1132 5469 invenien
1152 5418 1191 5469 0³
1265 5417 1448 5484 appollinarem
1467 5414 1520 5466 PF
1628 5412 1661 5467 57
1680 5415 1803 5467 melliflua
1820 5415 1850 5467 F

192 5501 378 5568 obrigueram
399 5503 421 5553 C
529 5502 558 5553 er
580 5513 682 5554 cautam
701 5502 755 5553 PT
860 5500 894 5554 62
912 5504 1081 5556 naroisaaaC
1188 5501 1221 5554 tt
1240 5504 1340 5555 lucrum
1361 5502 1383 5553 C
1491 5499 1525 5552 70
1542 5503 1584 5553 Sic
1601 5504 1629 5565 (S
1647 5501 1710 5552 aad.
1728 5499 1849 5565 mecm

192 5589 225 5641 5⁶2
243 5608 276 5641 cs
294 5587 360 5651 (eit)
379 5588 417 5637 Ta
522 5587 555 5640 if)
573 5590 615 5640 hic
627 5590 656 5640 F
758 5588 792 5641 ‘t'8
809 5588 860 5641 ded
873 5588 917 5639 Ιῧιι
988 5590 1031 5642 hic
1048 5590 1190 5644 Buecheler
1296 5587 1329 5641 81
1349 5588 1481 5640 muundus
1493 5587 1537 5638 P·
1641 5585 1676 5642 8‘2
1694 5587 1808 5642 moribus
1820 5586 1849 5642 F

193 5676 226 5729 aa
245 5695 267 5729 a.
286 5675 314 5743 t]
334 5675 442 5726 extsrrde
455 5674 480 5727 Ρ
580 5675 614 5732 85
632 5684 788 5730 numanum
806 5676 880 5730 coda
