4462 6216
735 345 845 402 emsa
862 345 897 412 n,
919 345 1025 402 xxxo
1043 347 1059 417 s
1077 346 1094 400 o
1113 376 1144 387 -
1163 347 1280 403 xxmv
1297 349 1313 418 s
1333 349 1372 403 11.

981 641 1139 706 XXXIV.

418 797 596 863 DOMINO
621 797 796 862 SANOTO
820 797 877 861 ET
901 797 1182 864 APOSTOLIOO
1206 797 1400 871 ululeun
1424 798 1472 863 IN
1496 799 1692 865 CHRISTO

299 901 477 967 DOMINO
508 902 713 967 SPEOIALI
744 900 893 967 CULTU
921 901 1221 976 AFFECTUQUE
1255 902 1444 967 cussum
1473 902 1807 968 PRAEFERENDO

471 1004 683 1071 PATRONO
705 1004 882 1070 SEDATO
904 1004 1122 1070 EPISOOPO
1142 1003 1358 1071 RURIOIUS
1379 1005 1636 1072 EPISCOPUS.

193 1157 204 1193 ⁵
336 1123 424 1217 Dua
441 1151 605 1217 scribendi
617 1151 721 1233 vobis,
738 1151 865 1216 domnis
879 1152 1019 1239 pectoris
1035 1152 1109 1232 mei,
1125 1152 1251 1217 animus
1267 1173 1325 1216 vos
1342 1153 1455 1218 sitIens
1472 1154 1675 1218 occasionem
1691 1153 1878 1238 frequentor
1910 1156 1922 1214 1

233 1255 379 1340 inquirit,
403 1255 576 1340 aliquando
600 1254 753 1320 diuturna
774 1255 987 1321 meditatione
1010 1263 1214 1342 pertractans
1239 1259 1382 1343 repperit
1405 1257 1557 1323 idoneum
1581 1258 1791 1344 portitorem,
1818 1278 1877 1342 por

234 1380 330 1443 quem
360 1365 392 1423 ct
419 1360 550 1423 silentia
578 1361 675 1444 longa
703 1358 922 1445 disrumperet
949 1366 983 1425 et
1012 1360 1073 1424 sibi
1103 1360 1266 1449 spiritales
1297 1361 1430 1425 delicias
1460 1362 1656 1447 postularet,
1685 1359 1749 1424 oris
1776 1360 1875 1424 vestri

232 1462 367 1546 cupiens
391 1483 463 1527 rore
486 1464 642 1548 respergi.
688 1462 729 1527 de
754 1485 832 1549 qua,
864 1462 975 1543 eredo,
1009 1463 1062 1528 siti
1093 1470 1224 1528 sanctus
1252 1465 1425 1549 psalmista
1452 1465 1597 1529 dicebat:
1628 1465 1759 1528 anima
1787 1484 1873 1527 mea
1906 1466 1925 1525 2

231 1566 340 1630 sicut
368 1572 473 1631 terra
496 1568 589 1631 sine
612 1588 710 1653 aqua
732 1568 829 1650 tibi,
861 1568 918 1631 illa
941 1567 1091 1631 nimirum
1115 1589 1198 1654 aqua
1221 1566 1404 1632 ariditatem
1428 1570 1573 1654 corporis
1597 1568 1647 1631 sui
1671 1567 1874 1650 restinguere

180 1683 205 1720 ¹⁰
232 1670 341 1734 sobria
369 1669 530 1734 ebrietate
559 1669 763 1750 desiderans,
798 1671 838 1736 dc
871 1693 935 1757 qua
963 1670 1111 1736 dominus
1138 1679 1249 1736 noster
1275 1672 1309 1735 in
1338 1673 1508 1757 evangelio
1538 1673 1679 1736 clamare
1711 1670 1874 1755 dignatur:

232 1773 264 1836 si
293 1773 376 1858 quis
405 1773 506 1854 sitit,
537 1774 671 1839 veniat
700 1782 742 1840 et
767 1774 888 1840 bibat
938 1776 1104 1840 flumina
1131 1775 1233 1840 enim
1262 1795 1384 1861 aquae
1413 1776 1524 1840 vivae
1552 1774 1598 1840 de
1626 1781 1766 1840 ventre
1794 1773 1876 1838 eius

229 1877 374 1941 fluunt.
418 1877 502 1941 hano
530 1899 647 1963 aquam
670 1877 895 1944 Samaritanae
928 1878 1028 1945 etiam
1056 1878 1142 1944 idem
1173 1877 1322 1944 dominus
1351 1878 1524 1960 offerebat,
1555 1879 1615 1944 hoc
1643 1885 1693 1944 est
1719 1877 1875 1942 ecelesiae
1907 1879 1926 1939 3

231 2000 273 2044 ex
296 1979 448 2063 gentibus
472 1980 734 2066 congregandae,
762 1980 886 2046 dicens:
919 2003 1019 2068 aqua
1046 2003 1155 2068 quam
1183 2003 1252 2067 ego
1283 1981 1384 2047 dabo
1408 1982 1488 2048 fiet
1510 1982 1549 2045 in
1572 2002 1618 2047 eo
1641 1981 1727 2045 fons
1750 2001 1874 2066 aquae

231 2083 426 2147 salientis
462 2085 501 2147 in
536 2085 653 2148 uitam
687 2091 905 2150 aeternam.
955 2085 1039 2150 hanc
1069 2106 1187 2172 aquam
1219 2086 1246 2149 si
1278 2086 1349 2171 quis
1383 2085 1487 2150 fidelis
1520 2106 1586 2149 non
1616 2090 1715 2170 gustu
1749 2089 1874 2146 tantum
1907 2087 1926 2146 4

179 2199 203 2237 ¹⁵
231 2208 355 2250 summo
388 2193 483 2251 tenus
512 2209 568 2252 ore
597 2189 763 2270 libaverit,
795 2189 852 2253 sed
880 2189 956 2254 totis
988 2189 1115 2255 animae
1139 2189 1321 2254 visceribus
1351 2197 1510 2277 appetens
1542 2189 1679 2254 conviva
1700 2186 1873 2262 sorbuerit,

230 2288 376 2374 protinus
404 2292 437 2354 in
465 2290 596 2356 laudem
619 2292 739 2356 domini
763 2293 994 2378 omnipotentis
1018 2300 1167 2379 erumpet
1190 2299 1224 2358 et
1247 2293 1307 2357 hoo
1330 2293 1463 2379 incipiet
1485 2299 1613 2358 ructare
1636 2291 1722 2378 quod
1745 2289 1875 2372 biberit,

229 2391 313 2456 sieut
341 2394 550 2459 beatissimus
580 2397 781 2481 evangelista
812 2402 910 2482 atque
943 2396 1141 2483 discipulus,
1175 2397 1231 2482 qui
1264 2418 1362 2482 super
1391 2403 1504 2483 peetus
1534 2396 1654 2461 domini
1684 2393 1875 2461 recumbere

230 2496 357 2576 meruit,
381 2498 538 2584 mysteria
561 2500 654 2584 regni
677 2502 829 2565 caelestis
856 2501 998 2566 haurivit
1021 2508 1054 2566 et
1078 2501 1223 2566 inillam
1246 2522 1361 2566 vocem
1384 2522 1480 2586 quam
1504 2508 1580 2566 ante
1603 2502 1712 2565 nullus
1728 2500 1876 2564 audierat

231 2599 397 2664 clamavit:
434 2602 471 2666 in
502 2602 698 2688 principio
728 2610 821 2669 erat
848 2604 1010 2669 verbum
1042 2611 1081 2669 et
1107 2605 1278 2669 verbum
1309 2610 1398 2669 erat
1424 2604 1533 2690 apud
1560 2604 1674 2670 deum
1704 2610 1742 2669 et
1773 2602 1873 2668 deus

178 2712 204 2752 ²⁰
232 2709 315 2766 erat
339 2703 510 2770 verbum.
547 2706 608 2770 hoe
632 2714 702 2771 erat
724 2707 803 2770 illud
819 2708 965 2789 verbum,
989 2707 1075 2794 quod
1099 2710 1168 2773 sine
1193 2714 1486 2796 temporeapatre
1509 2708 1655 2793 genitum
1678 2707 1870 2791 intempore
1904 2701 1922 2768 5

230 2812 357 2870 creatur
380 2829 422 2871 ex
444 2815 558 2891 matre,
582 2817 618 2874 ut
641 2816 768 2875 creator
790 2811 896 2888 fieret;
918 2819 955 2877 ut
978 2832 1051 2878 esse
1073 2817 1186 2898 posset
1208 2812 1419 2877 humanitatis
1443 2810 1603 2899 quaedam
1626 2809 1732 2896 portio
1755 2808 1871 2872 divini-

229 2910 304 2972 tatis
330 2912 427 2975 totius
451 2912 620 2997 plenitudo
645 2920 677 2978 et
699 2914 935 3000 plenitudinem
957 2913 1168 2980 humanitatis
1191 2916 1298 3002 portio
1322 2915 1393 3001 ipsa
1414 2914 1625 2979 humanitatis
1646 2934 1705 2977 sua
1721 2913 1873 2998 passione

230 3013 419 3095 redimeret,
451 3016 527 3080 dum
550 3017 657 3102 imago
680 3018 849 3083 invisibilis
872 3017 925 3084 dei
947 3018 1049 3083 forma
1070 3018 1108 3083 fit
1137 3019 1238 3094 servi;
1269 3024 1306 3083 ut
1332 3025 1447 3104 posset
1474 3017 1682 3104 impassibilis
1710 3017 1791 3103 pati,
1822 3016 1871 3078 in·

230 3118 532 3202 comprehensibilis
560 3120 646 3206 capi,
676 3122 865 3186 immortalis
888 3122 982 3203 mori,
1011 3123 1066 3207 qui
1087 3129 1226 3188 mortem
1248 3121 1471 3188 occumbendo
1494 3123 1683 3208 perimeret,
1714 3126 1751 3184 ut
1773 3118 1873 3183 uitam

177 3232 202 3270 2³
229 3221 429 3305 resurgendo
458 3229 633 3309 repararet.
679 3225 736 3289 sed
766 3224 843 3312 quid
872 3247 932 3311 ego
961 3225 1080 3291 oblitus
1111 3226 1190 3306 mei,
1221 3225 1339 3291 avidus
1369 3226 1430 3306 tui,
1461 3225 1554 3311 quasi
1581 3223 1622 3289 de
1649 3221 1873 3288 huiuscemodi
1905 3227 1924 3286 6

227 3323 325 3403 rebus
348 3331 457 3389 tecum
481 3327 670 3413 colloquens
692 3334 724 3392 et
739 3327 815 3394 inda
831 3330 864 3393 in
881 3328 1080 3395 desiderium
1096 3329 1143 3394 tui
1158 3328 1384 3395 vehementius
1400 3328 1647 3416 perardescens,
1670 3327 1872 3411 restinguere

229 3426 317 3490 sitim
341 3450 445 3492 meam
468 3431 558 3494 velut
580 3431 720 3516 quodam
744 3431 927 3497 dilectionis
951 3433 1053 3497 rivulo
1082 3432 1256 3513 festinans,
1285 3432 1510 3497 inscrutabilia
1539 3436 1573 3494 et
1600 3430 1769 3495 inaccessa
1796 3450 1872 3515 per-

228 3535 406 3616 temptans,
432 3533 508 3618 quid
531 3535 654 3620 loquar,
679 3536 733 3621 qui
756 3536 881 3622 loquar,
911 3537 962 3601 oui
984 3537 1109 3623 loquar,
1137 3557 1202 3601 non
1227 3535 1416 3601 considero?
1462 3533 1520 3598 sed
1544 3533 1649 3614 dabit,
1677 3538 1713 3595 ut
1736 3531 1873 3613 confido,
1906 3534 1924 3594 7

229 3636 356 3699 veniam
378 3637 495 3720 pietas,
519 3659 613 3723 quam
630 3640 799 3704 committit
817 3640 965 3721 affectus,
989 3641 1064 3727 quia
1088 3641 1241 3705 caritas
1266 3639 1397 3704 omnia
1419 3638 1617 3702 sustinet.
1656 3637 1746 3700 salve
1762 3636 1873 3720 itaque
1905 3637 1924 3699 8

177 3747 203 3786 ³⁰
230 3739 403 3822 plurimum
430 3740 502 3804 dico
531 3741 697 3807 individuo
728 3743 808 3807 mihi
835 3744 961 3830 pectori
983 3752 1093 3809 vestro
1121 3751 1154 3809 et
1181 3765 1278 3829 rogo,
1308 3750 1345 3807 ut
1372 3763 1432 3829 pro
1463 3763 1515 3807 me
1547 3742 1749 3806 incessanter
1780 3760 1872 3804 orare

230 3841 421 3928 dignemini,
446 3847 605 3932 simulque
629 3849 728 3913 etiam
750 3853 877 3933 partem
902 3848 1046 3936 eorporis
1070 3847 1149 3928 mei,
1179 3870 1239 3933 per
1261 3869 1357 3933 quam
1380 3846 1474 3911 vobis
1498 3845 1557 3910 has
1580 3845 1687 3926 trado,
1716 3842 1872 3930 peculiari

229 3944 447 4031 insinuatione
472 3949 672 4032 commendo,
696 3951 787 4016 utin
810 3951 886 4033 illis,
909 3972 1006 4038 quam
1028 3973 1080 4018 me
1097 3951 1240 4038 diligatis
1256 3953 1393 4037 integre,
1416 3952 1647 4037 comprobetis.
1684 3970 1765 4036 quos
1781 3948 1873 4013 vobis
1905 3951 1924 4011 9

230 4070 269 4113 eo
293 4051 432 4116 arbitror
453 4053 523 4118 fore
547 4055 697 4136 cariores,
721 4056 798 4141 quia
819 4076 927 4120 meam
943 4055 1037 4120 vobis
1060 4077 1171 4121 secum
1188 4055 1339 4120 deferunt
1353 4057 1547 4142 portionem.
1585 4053 1701 4140 quibus
1721 4050 1873 4138 quiequid
1912 4095 1913 4099 ,

229 4151 354 4237 dignati
386 4155 511 4220 fueritis
541 4157 723 4223 dilectionis
754 4160 959 4246 impendere,
995 4160 1088 4226 nobis
1113 4182 1172 4226 vos
1197 4161 1345 4226 conferre
1374 4161 1576 4246 cognoscite,
1606 4159 1696 4245 quia,
1727 4158 1755 4222 ai
1781 4157 1874 4220 iuxta

177 4271 201 4310 ³³
228 4265 375 4323 sanctum
409 4261 592 4346 apostolum
627 4264 732 4328 minus
766 4264 948 4330 membrum
981 4265 1095 4331 maiori
1124 4265 1158 4329 in
1186 4264 1295 4330 dolore
1327 4265 1533 4351 compatitur,
1569 4269 1603 4328 at
1630 4261 1734 4327 maius
1760 4259 1871 4346 procul

230 4361 328 4426 dubio
351 4364 384 4425 in
407 4365 539 4428 minoris
570 4368 786 4452 prosperitate
814 4369 964 4434 laetatur.
1009 4376 1042 4436 et
1067 4371 1113 4434 ita
1139 4368 1269 4434 demum
1298 4371 1347 4447 fit,
1379 4377 1430 4450 ut,
1462 4367 1611 4433 omnibus
1638 4367 1923 4450 usquequaquero

227 4465 380 4530 membris
403 4468 436 4531 in
458 4490 539 4554 pace
563 4475 595 4533 et
618 4471 726 4554 quiete
749 4474 947 4559 compositis,
970 4480 1069 4559 eaput
1091 4473 1189 4539 totius
1214 4473 1356 4560 corporis
1377 4478 1485 4536 rector
1505 4475 1618 4555 utpote
1640 4473 1673 4533 et
1689 4466 1873 4532 dominator

230 4569 381 4635 exsultet.
418 4572 451 4634 in
467 4593 530 4657 quo
548 4574 653 4658 eapite
670 4575 779 4639 omnia
799 4577 945 4642 membra
966 4578 1123 4644 iubentur
1144 4578 1303 4664 aspicere,
1326 4576 1456 4641 dicente
1479 4573 1652 4660 propheta:
1677 4571 1871 4657 sapientis

228 4673 335 4737 oculi
366 4673 403 4736 in
435 4675 562 4761 capito
594 4677 691 4742 eius.
741 4700 822 4764 quos
845 4682 927 4747 alius
949 4682 1111 4769 propheta
1133 4681 1302 4747 evidenter
1324 4678 1475 4765 exponit,
1505 4676 1631 4743 dicens:
1663 4675 1769 4740 oeuli
1798 4673 1920 4738 meitl

177 4790 203 4828 ⁴⁰
230 4797 379 4863 sempor
405 4779 451 4843 ad
480 4780 685 4863 dominum,
717 4783 805 4868 quia
833 4784 925 4871 ipse
954 4787 1100 4852 evellet
1129 4784 1177 4852 dc
1204 4786 1347 4870 laqueo
1378 4783 1496 4869 pedes
1526 4802 1648 4856 meos;
1680 4779 1870 4844 etiterum:

331 5000 565 5064 8Ρ1.ΟΧ1Π,6.
654 5004 685 5058 11
706 5005 927 5070 Ioann.VIl,37.
945 5008 987 5060 38.
1075 5005 1336 5069 1310ann.1v‚14.
1425 5006 1458 5060 19
1476 5005 1571 5059 Ioann.
1584 5004 1606 5067 Ι,
1619 5003 1643 5056 1.
1725 5004 1759 5056 ‘29
1778 5003 1799 5057 I.
1812 5003 1872 5057 Cor.

228 5084 303 5148 XIII,
322 5085 345 5140 7.
432 5089 466 5141 35
485 5088 578 5145 LCor.
596 5090 657 5154 XII,
675 5092 717 5145 ⁶26.
803 5093 838 5147 38
857 5092 927 5147 Eocl.
947 5092 982 5156 ΙΙ,
1001 5091 1042 5146 14.
1129 5092 1163 5146 39
1182 5092 1225 5147 Ρ1.
1245 5092 1344 5158 XXIV,
1362 5094 1404 5148 15.

330 5226 464 5295 bsomnis,
482 5231 602 5282 raadG
688 5230 839 5299 binquirit]
854 5232 885 5296 G,
902 5232 1009 5298 inquirit
1021 5232 1047 5283 id
1059 5233 1123 5284 coni
1136 5232 1279 5285 Monsmsea
1330 5229 1461 5299 idoneum]
1474 5249 1539 5284 ons.
1552 5233 1570 5282 l.
1583 5232 1623 5283 0¹
1713 5230 1873 5299 lpostolsre

228 5314 310 5365 coris?
328 5333 394 5365 corr.
408 5317 545 5382 postolaret
562 5318 651 5368 orire
736 5318 853 5370 8siteG
940 5316 974 5368 12
991 5316 1085 5386 fluunt]
1105 5319 1136 5383 G,
1153 5320 1235 5372 fluent
1250 5319 1322 5386 Vulp.
1411 5317 1444 5370 13
1455 5318 1583 5385 aquamG
1670 5314 1703 5369 14
1719 5317 1874 5369 salientesG

229 5399 262 5452 16
280 5399 405 5469 crumpat]
419 5403 517 5468 scn'pri,
535 5405 680 5471 erumpitG
767 5402 899 5471 llatque]
914 5405 962 5469 0²,
978 5406 1099 5471 adquam
1112 5405 1150 5456 6¹
1240 5403 1272 5456 18
1289 5405 1420 5457 auriuitG
1505 5402 1666 5471 21p0ssisc
1750 5402 1785 5454 ‘23
1803 5405 1836 5455 sit
1850 5405 1874 5454 O

228 5489 344 5555 possitG
441 5489 475 5540 ‘25
492 5492 653 5556 reparante
750 5489 783 5542 ‘21
801 5492 943 5543 riuulqu
1006 5489 1191 5558 inscrutabilia]
1208 5509 1223 5543 o
1240 5492 1268 5542 in
1285 5510 1340 5543 ros.
1355 5492 1393 5542 6¹
1492 5489 1526 5541 29
1543 5491 1692 5542 comitutu
1785 5487 1819 5539 34
1837 5491 1873 5540 di-

228 5575 387 5626 lectionesG
439 5574 511 5642 quia]
529 5577 537 5626 1
556 5595 576 5627 e.
590 5578 606 5627 l.
620 5577 659 5626 6¹
712 5576 835 5628 11111ίὶι
922 5575 957 5629 35
974 5577 1089 5630 doloriO
1179 5575 1214 5629 36
1232 5578 1320 5652 minop
1341 5576 1401 5642 (1.1.
1419 5575 1596 5642 minorumJG
1680 5572 1714 5626 37
1732 5576 1874 5628 donatorG

227 5658 262 5712 38
280 5663 407 5728 sapientes
428 5664 451 5713 tr'
553 5660 588 5714 40
605 5663 695 5716 euellit
714 5663 736 5716 (ἶ

330 5779 456 5836 Sroonrus.
1632 5781 1667 5836 43
