4462 6216
1048 378 1185 435 SIDONII
1203 377 1402 435 assumuth

764 553 819 618 ille
841 572 986 637 veruque
1010 552 1110 627 alius;
1135 553 1221 618 iacet
1243 553 1295 618 hic
1319 554 1417 620 simul
1439 555 1518 620 alite
1541 556 1619 633 telo,

694 674 732 711 ⁴¹⁵
764 659 936 723 absentem
959 677 1077 744 passus
1101 657 1267 734 dextram3
1291 679 1367 743 pars
1390 660 1515 746 poplite
1537 667 1628 724 secto

766 763 879 826 mortis
903 760 943 825 ad
967 761 1121 826 invidiam
1145 762 1234 843 vivit,
1257 769 1451 849 partemque
1475 764 1602 829 cerebri

770 865 820 930 hic
842 865 957 950 galeae
982 870 1172 950 cum'partc
1195 866 1288 953 rapit,
1312 865 1453 952 tortique
1476 868 1598 931 lacerto

768 969 875 1033 disicit
898 967 1032 1054 ancipiti
1056 967 1241 1033 miserabile
1265 969 1406 1054 sinciput
1429 990 1518 1036 ense.

764 1080 800 1136 ut
823 1072 963 1157 primurn
987 1071 1092 1135 versis
1115 1069 1172 1134 dat
1195 1077 1321 1157 tergum
1339 1071 1510 1138 Vandalus
1533 1074 1643 1150 armis,

696 1192 735 1229 ⁴2⁰
768 1175 913 1240 succedit
936 1174 1055 1240 caedes
1079 1197 1223 1261 pugnae:
1247 1175 1435 1242 discrimine
1458 1178 1548 1242 nullo

767 1286 957 1345 sternuntur
979 1279 1102 1364 passim
1127 1279 1260 1364 campis,
1285 1286 1318 1343 et
1340 1279 1439 1344 fortia
1461 1302 1611 1367 quaeque

766 1385 845 1448 fecit
868 1384 965 1448 iners.
1012 1382 1197 1467 trepidante
1222 1382 1300 1468 iuga
1323 1404 1413 1448 mare
1436 1383 1577 1470 pallidus
1600 1384 1699 1448 intrat

765 1494 798 1551 ct
821 1506 921 1551 naves
944 1486 1124 1571 pertransit
1147 1507 1261 1572 eques,
1285 1487 1438 1573 turpique
1464 1492 1577 1552 natatu

765 1591 805 1654 de
829 1591 948 1676 pelago
972 1589 1014 1653 ad
1037 1589 1186 1676 cymbam
1212 1589 1317 1656 rediit.
1363 1591 1409 1654 sic
1432 1592 1531 1656 tertia
1553 1590 1671 1676 Pyrrhi

711 1716 716 1725 ·
768 1691 931 1778 quondam
955 1713 1066 1778 pugna
1088 1693 1165 1756 fuit:
1190 1693 1295 1757 eaesis
1320 1714 1392 1758 curn
1416 1693 1549 1759 milibus
1573 1695 1663 1759 illum

765 1797 929 1862 Dentatus
952 1803 1129 1884 premeret,
1152 1796 1282 1861 lacerae
1306 1796 1360 1860 vix
1383 1797 1544 1883 fragmina
1567 1800 1679 1863 classis

766 1902 866 1966 traxit
890 1903 920 1964 in
946 1899 1095 1985 Epirum,
1119 1900 1173 1985 qui
1198 1900 1349 1965 Chaonas
1373 1908 1472 1987 atquc
1496 1902 1670 1984 Molossos,

768 2005 822 2089 qui
846 2003 1008 2067 Thracum
1033 2001 1264 2088 Macetumque
1288 2024 1404 2068 manus
1426 2026 1486 2092 per
1508 2006 1606 2070 litora
1628 2012 1737 2070 vestra

767 2112 934 2193 sparserat
957 2112 991 2170 et
1014 2106 1105 2170 cuius
1128 2106 1215 2171 vires
1239 2105 1397 2172 Oenotria
1420 2109 1548 2194 pallens

712 2228 716 2239 ¹
769 2212 917 2297 ipsaque,
941 2230 1026 2294 quac
1049 2210 1154 2295 petiit,
1178 2210 1399 2296 trepidaverat
1422 2220 1520 2277 uncte
1542 2213 1716 2277 Tarentus.

767 2314 914 2378 hostibus
938 2313 1084 2398 expulsis
1109 2334 1259 2400 campum
1280 2315 1335 2398 qui
1359 2315 1521 2380 maximus
1545 2323 1638 2381 extat

766 2418 831 2483 iarn
853 2419 994 2482 lustrare
1017 2423 1126 2481 vacat:
1152 2416 1264 2481 rideas
1287 2417 1339 2481 hic
1362 2425 1473 2502 strage
1497 2419 1559 2482 sub
1583 2419 1639 2482 illa

766 2528 978 2605 utrorumque
1001 2520 1140 2587 animos:
1165 2520 1273 2583 nullus
1298 2541 1362 2584 non
1385 2528 1518 2606 pectore
1543 2543 1669 2599 caesus,

767 2624 913 2710 quisquis
935 2630 1046 2689 vester
1070 2631 1153 2687 crat:
1178 2624 1287 2688 nullus
1311 2644 1375 2688 non
1399 2631 1494 2711 terga
1516 2626 1651 2699 foratus,

713 2768 730 2779 υ
770 2729 900 2793 illorum
926 2727 1081 2813 quisquis.
1127 2729 1270 2791 clamant
1292 2727 1353 2791 hoc
1378 2729 1513 2793 vulnera
1537 2730 1632 2815 primi

767 2830 967 2917 praedonum
990 2837 1059 2895 tum
1081 2830 1167 2895 forte
1191 2830 1294 2911 discis,
1318 2832 1370 2895 cui
1394 2833 1482 2917 regis
1505 2835 1593 2897 avari

768 2941 919 2999 narratur
941 2933 1095 3018 nupsisse
1120 2953 1220 3005 soror,
1246 2934 1300 3018 qui
1324 2935 1461 3020 pulvere
1484 2956 1581 3000 cacco

768 3040 899 3102 clausus
923 3044 956 3101 et
980 3036 1080 3101 elisus
1103 3037 1179 3121 pilis
1201 3039 1341 3122 vestigia
1363 3040 1468 3124 turpis

767 3149 876 3228 gestat
899 3142 1005 3206 adhuc
1029 3140 1188 3227 probrosa
1211 3141 1319 3226 fugae.
1366 3143 1413 3206 sic
1437 3143 1570 3228 agmina
1593 3150 1702 3208 vestra

724 3267 737 3295 ¹·
770 3269 843 3312 cum
868 3246 983 3332 spoliis
1007 3267 1157 3331 campum
1181 3247 1325 3311 retinent
1349 3254 1381 3312 ct
1405 3247 1511 3312 Marte
1534 3247 1697 3312 fruuntur.

768 3353 894 3416 interea
917 3349 1039 3434 duplici
1062 3350 1148 3414 texis
1172 3348 1249 3413 dum
1272 3350 1369 3415 litore
1393 3351 1533 3417 classem

768 3455 894 3518 inferno
916 3473 1101 3538 superoque
1124 3454 1216 3534 mari,
1241 3453 1328 3519 cadit
1351 3455 1456 3519 omnis
1478 3455 1512 3519 in
1535 3476 1659 3541 aequor

769 3560 852 3624 silva
876 3557 934 3622 tibi
958 3557 1158 3642 nimiumque
1182 3557 1237 3621 diu
1260 3579 1320 3644 per
1341 3566 1516 3644 utmmquc
1540 3561 1676 3627 recisus.

767 3661 980 3747 Appennine‚
1003 3661 1089 3725 latus
1113 3662 1288 3747 navalique
1312 3663 1429 3727 arbore
1452 3662 1544 3726 dives

725 3781 736 3815 1
768 3787 833 3829 nou
856 3765 963 3828 miuus
987 3765 1018 3826 in
1043 3765 1180 3850 pelagus
1203 3786 1373 3830 nemorum
1397 3786 1493 3850 quam
1515 3765 1617 3829 mittis
1634 3786 1799 3849 aquarum.

768 3869 877 3932 Gallia
900 3867 1063 3931 coutinuis
1086 3888 1284 3954 quamquam
1308 3870 1349 3934 sit
1372 3870 1461 3933 lassa
1484 3869 1629 3945 tributis,

768 3975 829 4038 hoc
853 3994 954 4038 consu
976 3973 1141 4059 placuisse
1166 3974 1256 4059 cupit
1279 3995 1340 4039 nec
1364 3973 1512 4059 pondera
1534 3974 1644 4044 sentit,

769 4100 852 4164 quae
875 4077 1033 4164 prodesse
1060 4079 1188 4164 probat.
1234 4099 1299 4142 non
1323 4078 1423 4141 tantis
1448 4077 1552 4141 maior
1573 4077 1706 4141 Atrides

770 4182 982 4268 Carpathium
1005 4183 1091 4246 texit
1114 4182 1249 4258 ratibus,
1274 4202 1346 4246 cum
1371 4181 1512 4246 Doricus
1535 4179 1639 4245 hostis

701 4301 740 4338 ⁴⁵⁰
770 4285 888 4371 Sigeas
912 4292 1066 4371 raptums
1090 4307 1170 4371 opes
1194 4284 1357 4350 Rhoeteia
1380 4285 1499 4349 clausit

767 4390 943 4476 Pergama;
967 4410 1029 4454 nec
1053 4396 1164 4454 tantae
1189 4389 1309 4454 Seston
1333 4389 1502 4453 iuncturus
1527 4385 1645 4473 Abydo

768 4492 900 4558 Xerxes
925 4491 1040 4557 classis
1063 4499 1143 4574 erat,
1167 4493 1308 4558 tumidas
1333 4514 1407 4557 curn
1430 4497 1593 4557 sterneret
1616 4490 1721 4555 undas

769 4605 802 4664 et
824 4603 959 4685 pontum
983 4597 1044 4662 sub
1068 4603 1168 4683 ponte
1191 4596 1295 4679 daret,
1320 4616 1392 4661 cum
1417 4603 1535 4681 stagna
1558 4594 1698 4682 superbo

405 4736 533 4744 ....-----
542 4733 817 4742 ..-.-.-.-----—-——.

506 4827 559 4882 414
577 4831 713 4894 virumque
732 4826 763 4876 Μ
843 4824 901 4876 nliis
920 4823 949 4875 F
1063 4821 1255 4875 41611111Μ
1371 4820 1423 4872 417
1443 4823 1503 4874 hinc
1521 4821 1547 4873 P
1664 4819 1716 4876 418
1739 4826 1827 4877 didicit
1847 4825 1892 4891 0¹,
1915 4825 2013 4878 dissicit
2030 4824 2065 4876 M

406 4917 560 4969 miserabilis
578 4916 682 4981 iueaput
695 4912 729 4963 M
815 4909 868 4962 419
886 4911 1033 4962 uuandalus
1046 4910 1131 4975 MOF,
1149 4910 1303 4962 uuamdulus
1315 4908 1341 4959 P
1390 4909 1474 4960 arenis
1486 4907 1515 4958 F
1603 4905 1657 4959 420
1674 4912 1758 4963 caedis
1771 4912 1804 4962 M
1887 4909 1940 4963 422
1958 4913 2019 4963 iacit
2031 4910 2065 4961 M

406 5005 473 5055 intra
485 5003 517 5054 Μ
604 4999 795 5052 4231111νί1111
890 4994 943 5047 424
961 4998 1053 5064 cybum
1072 4996 1096 5045 Τ
1149 4998 1239 5049 redeiit
1251 4996 1277 5045 P
1333 4996 1395 5063 pirri
1407 4994 1440 5058 F,
1459 4995 1537 5063 pirrlri
1556 4994 1580 5044 Τ
1579 4993 1630 5058 ΟΡ,
1647 4996 1736 5063 phyrri
1748 4997 1780 5047 Μ
1875 4995 1928 5049 4211
1945 4993 2062 5063 milibus]

405 5091 519 5141 nubibus
532 5088 562 5139 F
657 5084 818 5138 4261111111
832 5084 866 5133 Μ
922 5085 1045 5150 dagmina
1062 5084 1138 5135 clasis
1151 5083 1176 5133 P
1275 5081 1328 5135 421
1347 5083 1457 5135 molosos
1469 5080 1495 5130 Ρ
1587 5079 1639 5132 429
1658 5082 1725 5134 vires
1744 5101 1792 5134 oar.
1811 5083 1836 5133 Τ
1925 5080 1979 5135 430
1995 5084 2062 5150 ipse

404 5192 454 5240 que
472 5175 507 5224 Μ
589 5191 654 5241 quae
678 5191 727 5224 om.
744 5171 770 5221 Ρ
858 5171 992 5223 tharentus
1013 5171 1064 5233 ΟΡ,
1088 5173 1205 5223 threutns
1228 5170 1252 5220 Τ
1372 5169 1422 5221 431
1446 5170 1491 5236 qui
1512 5185 1631 5237 campum
1652 5169 1675 5221 C
1800 5167 1851 5222 433
1873 5178 2013 5238 utrumque
2031 5169 2066 5221 Μ

404 5258 501 5326 nullus]
519 5279 570 5313 non
590 5261 660 5312 ullus
674 5259 723 5308 M·
810 5254 863 5308 434
881 5260 982 5308 furatus
995 5258 1029 5306 Μ
1111 5255 1163 5308 436
1182 5275 1206 5326 p.
1225 5265 1254 5309 tu
1267 5258 1295 5321 0,
1317 5257 1471 5324 praedonum
1489 5255 1550 5306 dnm
1569 5255 1593 5305 Τ
1640 5255 1718 5307 duces
1736 5255 1768 5305 M
1851 5253 1904 5308 491
1922 5265 2028 5309 nument
2040 5255 2067 5306 Ρ

405 5347 510 5399 nubissc
528 5346 570 5396 P·
678 5343 731 5396 438
754 5344 839 5396 clusus
859 5344 900 5393 P·
1009 5342 1061 5395 439
1084 5353 1157 5411 gesta
1175 5344 1209 5394 Μ
1315 5342 1369 5396 440
1391 5361 1483 5411 capum
1503 5343 1528 5392 Ρ
1594 5343 1621 5393 in
1644 5350 1700 5395 arte
1718 5342 1744 5392 Ρ
1850 5341 1901 5394 441
1920 5344 2021 5395 ulasem
2039 5341 2067 5392 Ρ

404 5429 457 5483 442
474 5435 574 5485 infreno
587 5432 616 5483 F
676 5435 739 5485 mari
758 5432 826 5484 cadit
843 5432 926 5482 omnis
944 5433 971 5481 in
988 5433 1113 5498 equoris
1131 5450 1184 5483 ras.
1198 5430 1239 5482 Pb
1334 5429 1387 5483 444
1400 5432 1528 5499 apennine
1542 5429 1619 5494 GFP,
1636 5446 1754 5496 appenne
1767 5429 1800 5478 Μ
1867 5430 1954 5482 navali
1971 5429 2064 5481 roboro

413 5516 577 5570 ll'ilomooitz
680 5517 856 5570 4451111ῑί10
956 5514 1008 5567 446
1026 5518 1118 5569 lusaO
1218 5516 1269 5570 441
1288 5536 1339 5584 sq:
1357 5534 1406 5569 nec
1423 5519 1536 5585 pondera
1552 5516 1630 5568 sentit
1647 5532 1713 5583 quac
1731 5516 1851 5583 prodesse
1869 5516 1959 5583 prohat
1977 5533 2025 5566 ora.
2039 5514 2066 5566 P

407 5607 485 5656 sensu
501 5605 572 5656 TOF
655 5603 890 5674 4491111118111111ι
942 5621 994 5656 ens
1010 5605 1044 5656 0¹
1098 5606 1202 5657 duribus
1216 5606 1241 5655 P
1328 5604 1381 5656 4110
1398 5605 1481 5656 sicaea
1493 5611 1613 5671 reptunrs
1625 5602 1659 5652 M
1707 5602 1821 5654 roetheia
1834 5601 1908 5666 TOP,
1925 5600 2067 5653 meteiaM

404 5685 453 5740 4111
472 5700 555 5744 rantes
572 5700 645 5745 eston
663 5693 679 5745 i.
693 5710 714 5745 a
729 5692 760 5759 P,
778 5700 865 5746 tantas
883 5700 950 5745 sesto
969 5694 1132 5746 iniuncturus
1150 5694 1226 5746 abido
1239 5693 1278 5760 M,
1295 5702 1345 5747 ts.
1360 5693 1377 5746 i.
1390 5692 1487 5745 aboedo
1504 5691 1529 5741 Τ
1627 5687 1681 5742 462
1698 5706 1785 5743 xerses
1799 5688 1860 5741 ΜΤ
1924 5689 2019 5743 clausis
2032 5686 2064 5743 Μ
