4462 6216
366 325 407 388 96
767 381 769 386 ,
986 319 1123 376 SIDONII
1141 319 1399 376 EPISTULARUM

365 495 454 562 etin
478 493 601 559 (lhristi
625 494 714 559 cultu
736 494 877 581 pervigil
900 493 971 559 sola
993 493 1027 557 in
1050 514 1086 558 se
1110 494 1276 582 compellit
1298 499 1435 581 peecata
1456 491 1610 571 dormire,
1634 489 1839 557 maeroribus
1863 490 2015 556 orbitatis

367 600 566 666 necessitate
588 599 655 665 litis
677 599 807 665 adiecta
829 600 863 664 in
885 598 1067 664 remedium
1095 599 1172 664 moli
1202 598 1341 685 duplicis
1369 598 1606 685 perfectionem
1629 600 1760 660 vestrae
1785 595 2018 660 consolationis

369 709 527 789 expetere
551 703 696 784 festinat,
719 711 887 788 gratanter
911 702 1077 781 habitura,
1108 703 1178 767 sive
1209 702 1298 768 istud
1326 702 1386 767 tibi
1417 699 1640 788 peregrinatio
1667 699 1777 763 brevis
1802 719 1861 763 seu
1885 699 2018 783 longum

315 812 335 873 2
367 813 575 892 computetur
610 807 763 871 officium.
819 808 918 892 igitur
951 806 1100 892 praefata
1132 806 1331 871 venerabilis
1367 806 1476 870 fratris
1510 805 1576 868 mei
1612 823 1697 868 nunc
1731 802 1796 866 iam
1830 801 2016 889 presbyteri

365 909 555 997 Agrippini,
592 931 634 975 ne
657 911 850 975 iniuriosum
881 911 923 975 sit
951 910 1075 975 dixisse
1105 910 1273 995 nequitiis,
1307 915 1397 975 certe
1426 908 1582 993 fatigetur
1611 906 1764 992 argutiis;
1799 906 1854 991 qui
1878 905 2019 970 abutens
2059 918 2070 955 ⁵

368 1014 583 1079 inbecillitate
617 1021 786 1079 matronae
815 1034 880 1077 nou
909 1012 1040 1078 desistit
1068 1013 1224 1098 spiritalis
1253 1014 1382 1078 animae
1413 1012 1624 1078 serenitatem
1657 1009 1875 1074 saecularium
1905 1029 2019 1074 versu·

367 1119 487 1183 tiorum
510 1116 642 1182 flatibus
672 1116 854 1193 turbidare;
882 1119 933 1183 oui
964 1117 1023 1182 filii
1046 1138 1107 1182 nec
1130 1118 1234 1183 multo
1256 1125 1331 1204 post
1358 1118 1489 1203 nepotis
1512 1116 1623 1181 amissi
1647 1114 1731 1181 duae
1755 1115 1879 1202 pariter
1899 1115 2018 1201 plagae

317 1223 336 1285 3
367 1227 517 1287 recentes
540 1220 581 1285 ed
604 1220 747 1285 diuturni
770 1221 894 1287 viduvii
911 1223 1029 1288 vulnus
1052 1221 1224 1288 adduntur.
1270 1222 1501 1308 temptavimus
1517 1221 1604 1286 inter
1618 1226 1793 1305 utrumque
1809 1237 2017 1305 componere,

363 1344 424 1390 nos
459 1345 628 1405 maxume,
663 1324 779 1410 quibus
809 1327 842 1391 in
877 1346 934 1391 eos
964 1346 1084 1390 novum
1116 1327 1167 1390 ius
1195 1325 1356 1412 professio
1387 1332 1618 1411 vetustumque
1653 1324 1820 1390 faciebant
1847 1322 2020 1401 amicitiae,

373 1429 483 1513 aliqua
512 1434 701 1508 censentes,
733 1430 910 1496 suadentes
938 1430 1129 1516 quaepiam,
1159 1429 1301 1516 plurima
1329 1429 1571 1516 supplicantes;
1602 1428 1752 1514 qnodque
1780 1427 1959 1507 miremini,
1988 1427 2022 1490 in
2050 1438 2076 1477 1⁰

375 1552 505 1598 omnem
529 1532 724 1600 concordiae
740 1534 869 1598 ‘statum
900 1533 1081 1620 promptius
1105 1553 1124 1598 a
1146 1532 1289 1599 feminea
1314 1538 1408 1619 perte
1435 1533 1631 1599 descensum
1658 1538 1718 1598 est.
1767 1537 1801 1597 et
1827 1549 2023 1617 quamquam

374 1656 410 1700 se
434 1635 532 1700 altius
561 1637 767 1721 profuturum
798 1637 884 1702 filiae
913 1644 1051 1723 paterna
1077 1636 1214 1702 iactaret
1237 1636 1481 1722 praerogativa,
1515 1636 1610 1701 nurui
1641 1642 1751 1701 tamen
1774 1635 1879 1721 magis
1902 1634 2026 1722 placuit

320 1741 340 1801 4
373 1739 617 1805 munificentiae
653 1740 811 1805 socrualis
838 1739 971 1805 oblatio.
1028 1739 1167 1825 iurgium
1203 1739 1334 1804 interim
1366 1739 1591 1827 semisopitum
1622 1740 1741 1805 vestris
1770 1737 1867 1803 modo
1898 1737 2023 1803 sinibus

373 1841 521 1906 infertur.
559 1842 731 1928 pacificate
754 1850 930 1923 certantes,
954 1849 987 1906 et
1002 1840 1199 1928 pontificalis
1216 1842 1412 1907 auctoritate
1428 1835 1587 1908 censurae
1611 1842 1772 1929 suspectis
1793 1841 1856 1906 sibi
1874 1840 2023 1928 partibus

373 1944 506 2011 indicite
530 1947 679 2031 gratiam,
703 1945 803 2013 dieite
826 1948 1010 2012 veritatem.
1056 1951 1171 2010 sancta
1193 1946 1280 2011 enim
1304 1944 1473 2032 Eutropia,
1497 1947 1526 2010 si
1550 1945 1627 2031 qnid
1644 1945 1829 2011 vadimonio
1852 1965 1927 2011 meo
1951 1966 2022 2010 cre·
2053 1959 2077 1996 ¹⁵

373 2047 462 2130 ditis,
485 2049 654 2114 victoriam
678 2056 855 2137 computet,
878 2050 904 2116 si
919 2050 972 2114 vel
989 2057 1064 2136 post
1086 2048 1206 2115 demna
1227 2070 1292 2116 non
1316 2050 1434 2135 litiget.
1479 2049 1565 2115 unde
1589 2056 1623 2115 et
1646 2050 1796 2136 suspicor
1809 2048 1903 2113 vobis
1925 2068 2025 2113 unam

378 2152 654 2238 pronuntiandam
684 2152 815 2217 domum
850 2151 1100 2234 discordiosam,
1137 2154 1215 2219 lieet
1242 2153 1417 2218 invenietis
1448 2159 1619 2239 utramque
1655 2151 1849 2219 discordem.
1899 2171 2025 2217 memor

372 2256 475 2320 nostri
500 2276 575 2322 esse
598 2256 744 2341 dignare,
767 2255 899 2360 domine
922 2278 1016 2344 papa

1171 2515 1236 2583 III.

681 2650 894 2718 SIDONIUS
917 2651 1096 2719 DOMINO
1119 2650 1269 2718 PAPAE
1291 2651 1490 2720 LEONTIO
1514 2651 1735 2718 SALUTEM.

329 2791 341 2850 ¹
483 2766 569 2862 Eser
592 2797 691 2862 nullis
714 2797 899 2865 hortatibus
922 2797 1100 2885 primordia
1122 2805 1255 2865 nostrae
1278 2800 1492 2886 professionis
1514 2800 1668 2865 animatis
1691 2818 1798 2884 neque
1824 2796 1910 2861 sitim
1933 2795 2029 2884 ignes
2056 2808 2083 2848 2⁰

378 2898 504 2964 rantiae
533 2898 692 2966 hactenus
722 2901 900 2967 saecularis
931 2901 998 2968 ullo
1028 2895 1191 2990 supernae
1222 2904 1335 2990 rigatis
1370 2903 1473 2969 imbre
1507 2903 1695 2985 doctrinae,
1730 2923 1795 2968 non
1829 2922 1892 2987 ego
1919 2905 2030 2964 tamen

377 3007 503 3068 tantum
526 3003 592 3069 mei
620 3004 802 3070 meminens
832 3025 895 3070 non
929 3026 1016 3088 sum,
1050 3013 1087 3071 ut
1116 3027 1137 3072 a
1162 3007 1244 3072 meis
1274 3027 1482 3093 praesumam
1512 3006 1662 3093 partibus
1691 3006 1821 3093 aequali
1850 3003 2031 3071 officiorum

380 3106 476 3172 lance
500 3106 700 3174 certandum.
744 3129 820 3173 nam
843 3130 916 3174 cum
940 3117 1053 3175 nostra
1076 3109 1283 3176 mediocritas
1306 3115 1415 3176 aetate
1439 3111 1537 3193 vitae,
1561 3117 1708 3197 tempore
1729 3108 1907 3197 dignitatis,
1929 3105 2030 3193 privi-

379 3210 466 3296 legio
490 3211 564 3292 loci,
588 3211 685 3277 leude
710 3213 878 3294 scientiae,
902 3213 987 3278 dono
1010 3214 1230 3280 eonscientiae
1253 3219 1382 3280 vestrae
1405 3214 1503 3279 facile
1526 3214 1684 3296 vincatur,
1707 3214 1832 3279 nullum
1855 3229 2030 3290 meremur,

327 3315 347 3376 2
378 3312 408 3378 si
430 3334 490 3400 par
512 3321 727 3400 expectamus
750 3315 937 3401 alloquium.
988 3316 1088 3401 igitur
1116 3337 1179 3380 non
1211 3316 1399 3382 incusantes
1430 3317 1595 3382 silentium
1622 3321 1769 3382 vestrum
1798 3314 1857 3381 sed
1885 3313 2031 3399 loquaci·
2059 3325 2084 3364 ²⁵

380 3422 481 3481 tatem
505 3424 649 3482 nostram
673 3418 782 3504 potius
799 3438 959 3484 excusare
974 3419 1117 3485 nitentes
1133 3421 1398 3486 commendamus
1415 3421 1544 3506 apicum
1560 3420 1760 3506 portitorem,
1784 3419 1877 3483 cuius
1893 3418 1922 3483 si
1937 3437 2032 3503 pere-

380 3519 600 3602 grinationem
615 3527 766 3608 prompto
785 3523 898 3587 favore
915 3523 1064 3603 foveatis,
1087 3522 1220 3608 grandis
1240 3523 1424 3589 actionibus
1441 3523 1530 3589 illius
1546 3529 1659 3610 portus
1676 3522 1861 3587 securitatis
1878 3521 2033 3608 aperitur.

380 3623 548 3713 negotium
571 3624 647 3689 huic
670 3626 953 3690 testamentarium
977 3633 1039 3691 est
1089 3627 1194 3692 latent
1224 3648 1299 3692 eum
1328 3628 1534 3714 propriarum
1553 3628 1678 3692 merita
1706 3627 1906 3692 chartarum:
1937 3632 2030 3711 toga-

381 3727 488 3791 torum
512 3728 579 3793 illic
602 3734 813 3815 perorantum
835 3729 988 3815 peritiam
1011 3731 1183 3798 consulere
1211 3731 1368 3850 perrexit,
1401 3753 1460 3817 pro
1486 3731 1624 3796 victoria
1647 3735 1907 3818 computaturus,
1936 3730 1964 3794 si
1996 3750 2034 3795 se

382 3828 617 3897 intellexerit'
609 3851 679 3895 rure
702 3835 865 3918 superari,
895 3833 991 3900 modo
1021 3834 1150 3900 nasibi
1179 3835 1313 3921 suisque
1344 3834 1491 3902 desidiae
1514 3837 1593 3902 vitio
1620 3855 1793 3923 perperam
1816 3833 1941 3899 cavisse
1965 3834 2033 3898 cul·
2061 3845 2088 3887 ³⁰

485 4037 499 4089 l
519 4039 593 4091 cultu
610 4041 699 4093 christi
719 4042 741 4093 G
854 4041 1073 4096 concussionis
1091 4043 1116 4095 L
1235 4042 1253 4095 3
1271 4044 1419 4096 habitatura
1437 4044 1460 4096 O
1577 4042 1594 4096 4
1613 4044 1770 4113 praesbyteri
1788 4042 1812 4094 L
1818 4079 1826 4108 ,
1853 4040 1985 4110 presbiteri
2003 4040 2038 4092 M
2093 4062 2105 4073 =

379 4156 525 4226 bsgripini
548 4157 599 4224 ΙῸ,
616 4162 764 4230 sggrippini
783 4163 812 4214 F
878 4166 1003 4231 nequiciis
1023 4165 1046 4217 0
1111 4157 1195 4234 argul'
1214 4165 1238 4218 G
1356 4164 1373 4218 6
1390 4166 1546 4219 inbecilitafe
1564 4165 1602 4232 L,
1618 4165 1792 4219 imbecillitate
1810 4163 1871 4228 MC,
1888 4163 2033 4216 imbcscilll·

387 4286 440 4331 tate
454 4278 484 4330 F
567 4281 707 4347 spiritualis
727 4282 749 4334 Ο
869 4281 981 4337 7an
1063 4295 1121 4354 post
1136 4288 1218 4338 multo
1227 4285 1335 4338 LMFP
1417 4289 1521 4370 admissi
1531 4288 1571 4340 F¹
1660 4288 1754 4354 pariter
1771 4303 1790 4338 a.
1810 4286 1827 4337 l.
1846 4285 1909 4336 odd
1927 4284 1971 4350 φ’,
1989 4284 2036 4351 lap.

378 4409 439 4467 post
456 4408 571 4453 mcentes
588 4402 616 4453 in
636 4403 659 4454 0
783 4403 801 4457 8
819 4407 968 4460 recedentes
986 4407 1010 4459 L
1096 4408 1259 4462 temtavimue
1277 4408 1301 4460 L
1386 4409 1453 4461 inter
1468 4409 1497 4460 ia
1513 4408 1610 4461 raah!
1615 4408 1624 4440 ¹
1746 4405 1764 4458 9
1782 4407 1892 4459 menime
1909 4402 2039 4455 MTOFP

384 4538 415 4573 eo
436 4521 459 4573 0
506 4524 728 4591 vestutumqueF
775 4527 906 4578 amiciciae
917 4526 966 4578 OF
1063 4525 1097 4580 10
1113 4529 1311 4599 suplicantesL‚
1327 4530 1485 4597 suplicantes
1496 4528 1530 4579 0¹
1624 4527 1655 4581 11
1675 4527 1834 4597 promtiusL
1884 4527 2036 4634 descepaum

385 4643 649 4709 necestuosorum
667 4644 704 4709 Ι
726 4647 867 4700 diaoessunr
885 4647 1015 4700 MTOFP
1090 4669 1236 4719 quanquam
1254 4650 1340 4703 LMF
1451 4645 1485 4700 12
1501 4648 1583 4701 alcius
1607 4649 1630 4700 0
1700 4651 1806 4702 iectaret
1822 4648 1847 4700 L
1915 4648 1975 4699 nuri
1992 4645 2034 4697 F¹

385 4760 419 4814 13
436 4763 561 4815 socrualis
578 4713 777 4820 mumfiosntisd
785 4768 880 4821 oblatio
898 4769 937 4820 T*
988 4771 1066 4824 interl
1084 4790 1104 4825 a.
1117 4774 1135 4825 l.
1147 4773 1210 4826 orld.
1226 4774 1263 4824 Τ1
1315 4772 1415 4826 sinibus
1433 4789 1501 4824 eoru.
1512 4789 1544 4825 aa
1560 4773 1656 4824 limbus
1666 4771 1705 4822 P¹
1793 4769 1827 4823 15
1843 4768 2041 4823 ιιοᾱίιίιοιιι.0

385 4883 419 4937 16
435 4887 548 4955 dampna
563 4888 646 4940 MCF
750 4889 782 4942 17
801 4895 1019 4959 pronunciandum
1034 4892 1115 4946 IMG
1221 4894 1255 4947 18
1272 4911 1328 4948 esse
1345 4896 1452 4963 dignare
1469 4894 1571 4946 domine
1588 4910 1654 4962 papa
1670 4909 1720 4947 ona.
1736 4891 1759 4944 0
1868 4889 1900 4943 19
1917 4890 2038 4943 Sidonius

383 5005 486 5059 domino
504 5017 529 5059 et
545 5009 655 5062 salutem
673 5029 721 5064 om.
741 5011 771 5063 F
911 5012 947 5067 20
972 5016 1117 5068 hortatibus
1136 5015 1216 5080 (tibus
1231 5017 1261 5069 to
1278 5033 1332 5068 ras
1344 5016 1379 5065 ΙΙ
1388 5015 1408 5080 ¹)
1427 5015 1465 5080 M,
1489 5012 1718 5120 hortationiptpgnl'
1864 5008 1897 5063 21
1926 5026 2037 5078 ⁸¹¹P0¹¹¹f

383 5143 403 5179 ι.
422 5128 440 5179 l.
458 5129 521 5181 add.
544 5128 590 5195 T',
614 5147 726 5199 superno
744 5132 774 5184 F
839 5136 929 5202 ymbre
947 5135 982 5187 Μ
1092 5132 1128 5187 22
1144 5137 1260 5204 pertibus
1279 5152 1440 5203 praesumam
1458 5137 1487 5188 F
1595 5132 1631 5186 21
1648 5131 1746 5186 dono’
1732 5133 1800 5186 ceole
1822 5131 1847 5183 Τ
1910 5148 2038 5185 meremur

387 5244 455 5309 (mur
476 5248 505 5298 5⁷²
522 5265 577 5301 *⁹⁰⁸-
595 5249 630 5300 Μ
633 5249 653 5317 ¹)
672 5251 706 5302 Μ
824 5252 858 5306 26
876 5256 1111 5309 commendavimus
1131 5256 1180 5308 OF
1261 5257 1410 5324 portitorem
1431 5255 1461 5321 (ti
1479 5257 1507 5306 in
1523 5273 1577 5310 rar.
1595 5256 1630 5307 ΙΙ
1634 5255 1656 5322 ¹)
1674 5254 1709 5306 M
1825 5250 1859 5305 27
1877 5261 1975 5321 promto
1993 5252 2042 5305 ue

384 5364 455 5416 illius
473 5365 619 5420 actionibus
642 5368 667 5419 Τ
765 5369 800 5424 28
817 5375 955 5441 negocium
975 5374 998 5426 0
1052 5376 1271 5428 testamentorium
1291 5377 1314 5428 0
1370 5378 1440 5429 enim
1458 5376 1491 5440 F,
1507 5380 1540 5428 er’r
1558 5394 1578 5427 a.
1598 5378 1615 5428 l.
1632 5377 1695 5429 odd.
1715 5375 1754 5427 F¹
1816 5382 1944 5426 cartarum
1963 5372 2043 5425 MOF

384 5482 419 5538 29
436 5488 610 5552 perorantium
629 5489 658 5541 F
724 5494 824 5559 perexit
840 5494 865 5545 L
940 5492 978 5563 se]
998 5513 1054 5549 sese
1073 5497 1096 5548 0
1200 5495 1235 5549 30
1252 5455 1364 5567 adparari
1382 5499 1422 5551 L¹
1498 5498 1594 5562 desidie
1612 5498 1675 5550 vitio
1698 5497 1724 5565 (e
1741 5506 1765 5550 et
1781 5515 1797 5549 o
1813 5497 1842 5547 in
1859 5513 1913 5546 ras.
1932 5495 1990 5556 ΙΙΙ)
2009 5493 2044 5544 ΙΙ

382 5607 549 5659 ristocano
615 5587 701 5679 lputel
717 5631 852 5681 perperam
869 5616 968 5669 cavisse
987 5615 1046 5683 (om.
1064 5617 1240 5686 culpetur)T
1305 5621 1405 5672 cavisse
1421 5620 1450 5670 in
1466 5636 1520 5670 ros.
1539 5620 1572 5674 M
1579 5620 1586 5651 ¹
