4462 6216
678 1727 1095 1877 INCIPIT
1146 1729 1461 1878 DOMN
1472 1734 1509 1875 I

482 2007 900 2157 neuton
951 1963 1713 2157 EPISTULARUM

719 2285 972 2408 LIBER
1008 2283 1474 2407 SECUNDUS.

965 2592 1220 2600 ⁸——

1084 2846 1109 2912 Ι.

235 3032 247 3068 ⁵
368 3016 541 3081 DOMNIS
569 3015 842 3083 SUBLIMIBUS
871 3019 928 3084 ET
957 3018 1004 3083 IN
1033 3017 1226 3084 CHRISTO
1253 3018 1431 3084 DOMINO
1459 3017 1826 3083 DEVINOTISSIMIS
1974 3008 2008 3080 G

545 3119 801 3187 FRATRIBUS
824 3120 1032 3187 NAMATIO
1055 3121 1113 3186 ET
1137 3120 1400 3186 OERAUNIAII
1423 3120 1649 3187 RURIOIUS.

383 3254 532 3357 Aurium
568 3285 737 3370 sepientes
771 3287 892 3351 amicos
924 3285 1006 3351 duos
1036 3306 1133 3351 unam
1167 3285 1309 3349 animam
1341 3283 1465 3349 habere
1498 3283 1668 3363 dixerunt,
1702 3284 1788 3370 quod
1823 3282 1918 3348 valde
1954 3287 1967 3346 l

274 3409 387 3451 verum
416 3407 490 3451 esse
524 3410 585 3473 ego
621 3390 777 3474 praedico
811 3391 994 3477 proboque;
1030 3409 1105 3454 nam
1138 3396 1312 3475 postquam
1340 3409 1360 3452 a
1387 3394 1496 3452 vestra
1525 3389 1740 3473 germanitate
1770 3387 1919 3466 discessi,

276 3489 416 3553 divisum
438 3511 509 3554 esse
532 3512 583 3556 me
607 3494 713 3558 sentio
735 3500 927 3580 partemque
950 3514 1058 3558 meam
1081 3492 1247 3557 vobiscum
1271 3491 1432 3556 resedisse
1455 3512 1618 3576 cognosco
1642 3512 1703 3556 nec
1729 3491 1920 3557 absentibus

277 3593 369 3658 vobis
392 3594 522 3679 integer
545 3617 620 3660 esse
643 3618 696 3661 mc
721 3597 843 3663 videor.
887 3603 1017 3663 etcum
1039 3596 1150 3662 mein
1173 3617 1225 3661 me
1249 3617 1313 3660 non
1336 3595 1511 3675 inveniam,
1533 3595 1621 3681 apud
1642 3617 1702 3661 vos
1726 3617 1778 3660 me
1800 3594 1920 3659 advos

276 3718 427 3762 reversus
462 3699 589 3783 inquiro
624 3708 722 3785 atque
757 3701 880 3767 ibidem
909 3707 1066 3787 quantum
1095 3721 1148 3765 me
1176 3700 1269 3764 vobis
1301 3699 1475 3784 reliquisse
1509 3705 1634 3763 tantum
1662 3698 1765 3763 vestri
1793 3718 1921 3764 meeum

277 3801 454 3866 abstulisse
485 3804 655 3889 conspicio.
701 3810 735 3869 et
761 3805 823 3886 ita,
852 3805 1043 3890 priusquam
1072 3803 1145 3882 fiat,
1178 3803 1344 3868 adnuente
1366 3801 1514 3883 domiuo,
1542 3802 1715 3888 pignorum
1738 3809 1921 3866 nostrorum
1954 3803 1973 3863 2

277 3903 385 3967 votiva
414 3904 613 3986 coniunctio,
646 3907 828 3970 animorum
850 3907 935 3971 inter
965 3926 1025 3969 nos
1054 3904 1143 3971 lacta
1172 3905 1236 3969 iam
1264 3904 1390 3969 divisio.
1435 3926 1519 3990 quae
1548 3904 1664 3970 divisio
1694 3904 1922 3992 amplectende

276 4008 381 4092 megis
399 4013 450 4072 est
465 4007 677 4093 diligentibus
697 4031 795 4096 quam
810 4010 955 4089 uitanda,
977 4030 1037 4097 per
1060 4029 1157 4094 quam
1179 4008 1216 4073 fit
1239 4009 1271 4072 in
1296 4008 1446 4073 cordibus
1469 4030 1582 4074 eorum
1606 4009 1750 4075 caritatis
1773 4011 1920 4095 integrae

277 4111 405 4174 sincera
433 4112 626 4193 transfusio,
658 4114 751 4178 cuius
780 4127 850 4198 ego·
865 4112 1003 4177 vinculis
1033 4111 1223 4196 colligatum
1247 4132 1267 4175 a
1289 4111 1382 4177 vobis
1410 4133 1484 4178 essa
1508 4134 1560 4179 me
1581 4113 1709 4200 gaudeo
1732 4113 1781 4200 (st
1803 4113 1922 4179 talibus

278 4215 402 4278 catenis
426 4215 555 4279 vinctus
578 4214 723 4300 exsulto)
753 4216 978 4302 obstringique
1005 4237 1059 4281 me
1090 4236 1203 4280 eorum
1234 4215 1374 4281 nexibus
1403 4217 1509 4303 magis
1539 4219 1635 4304 cupio
1666 4239 1763 4303 quam
1791 4217 1921 4297 resolvi,

278 4319 396 4405 quibus
420 4324 454 4383 et
476 4340 534 4383 vos
558 4320 749 4384 constrictos
776 4342 850 4386 esse
880 4320 1017 4386 confido.
1061 4318 1272 4384 redeuntibus
1301 4320 1412 4405 itaque
1437 4322 1555 4386 vestris
1585 4321 1675 4387 salve
1704 4321 1920 4406 largissimum
1954 4323 1973 4384 3

278 4423 352 4488 dico
376 4429 409 4488 et
433 4445 474 4488 ex
499 4425 651 4489 omnibus
673 4425 797 4510 gratias
821 4445 923 4509 agens
944 4423 1135 4507 derelinquo
1157 4443 1242 4508 quae
1265 4420 1306 4486 ad
1334 4425 1545 4508 praeconium
1572 4431 1717 4489 vestrum
1747 4425 1921 4510 pertinent.

279 4527 398 4591 idcireo
421 4548 473 4591 me
497 4527 626 4592 siluisse
649 4528 808 4613 significo,
831 4528 907 4613 quia
929 4528 962 4592 in
984 4526 1123 4614 propriis
1140 4525 1301 4606 laudibus,
1326 4527 1411 4591 sicut
1426 4526 1553 4608 dieitur,
1577 4533 1628 4594 est
1644 4528 1758 4593 odiosa
1772 4528 1921 4601 iactatim

226 4672 237 4684 -
278 4637 386 4695 vestra
418 4629 505 4694 enim
534 4631 606 4694 leus
639 4653 712 4695 mee
741 4633 830 4696 facta
859 4638 910 4696 est
938 4638 972 4696 ct
1000 4630 1088 4710 idco,
1123 4635 1159 4694 ut
1189 4629 1273 4710 dixi,
1305 4629 1345 4695 de
1376 4631 1644 4715 magnanimitate
1673 4638 1783 4698 vestra
1812 4638 1922 4697 tacere

278 4735 394 4798 melius
418 4734 507 4815 duxi,
532 4737 608 4820 quia
630 4736 782 4821 quicquid
805 4735 845 4802 de
869 4735 962 4801 vobis
985 4734 1108 4815 dixero,
1130 4732 1210 4797 mihi
1232 4734 1344 4798 videor
1366 4735 1555 4801 contulisse.

382 5011 394 5062 1
420 5013 548 5064 morem
566 5039 600 5050 -
617 5010 635 5064 e
652 5009 838 5078 secuunus]
859 4995 966 5063 mor‘r‘r
986 5012 1088 5063 omns
1107 5012 1134 5062 11
1153 5010 1177 5062 o
1301 5009 1318 5064 5
1340 5012 1471 5064 nouum
1488 5012 1690 5064 susumrse
1775 5010 1810 5079 st]
1832 5031 1880 5064 om.
1902 5013 1926 5064 e

278 5097 296 5150 6
313 5100 428 5151 namacio
449 5100 473 5150 O
583 5098 598 5150 I
616 5100 717 5166 antiqui
734 5126 767 5135 -
786 5097 818 5150 12
835 5099 964 5166 conspicio
981 5095 1017 5164 at]
1036 5096 1159 5150 Ruricius
1175 5114 1206 5148 ee
1222 5098 1333 5164 epistula
1351 5096 1393 5162 ΙΙ,
1410 5101 1443 5149 10
1459 5098 1621 5164 scombris&
1636 5097 1737 5149 uidebar
1805 5100 1874 5165 quod
1891 5127 1924 5135 —

278 5185 295 5236 8
319 5187 436 5253 praedico
461 5183 600 5253 proboque]
622 5187 697 5254 infra
714 5185 760 5250 II,
777 5190 810 5236 10
820 5185 924 5252 fresiam
949 5185 1018 5250 quod
1042 5180 1101 5252 [ago
1124 5185 1200 5236 etism
1223 5185 1393 5241 eeclesiastico
1411 5182 1566 5252 testimonio]
1590 5202 1682 5237 uerum
1705 5202 1761 5237 esse
1784 5182 1924 5252 [confirmo

279 5291 331 5340 quo
353 5274 399 5324 ait:
432 5274 625 5324 credentium
647 5280 750 5324 autam
771 5279 839 5324 arat
860 5271 968 5322 anima
993 5278 1025 5322 st
1046 5286 1099 5321 cor
1121 5286 1226 5322 unum.
1267 5287 1349 5322 unum
1371 5271 1461 5336 utique
1480 5272 1585 5323 caritme
1612 5289 1664 5323 non
1686 5288 1793 5323 numero
1819 5278 1845 5323 et
1865 5272 1925 5324 fidei

278 5360 439 5426 simplicitate
461 5376 512 5410 nou
534 5359 712 5426 singularitate
729 5374 860 5426 personae.
895 5353 956 5421 hoc]
975 5371 1037 5423 ergo
1054 5355 1172 5422 praedico
1189 5356 1333 5423 proboque:
1358 5373 1423 5422 qssoe
1440 5357 1540 5408 omae
1556 5357 1650 5409 molari
1666 5357 1690 5409 b.
1708 5359 1725 5409 I.
1744 5357 1925 5410 &ideramus-

278 5445 465 5498 9absensibus
479 5446 528 5510 θ’,
550 5463 617 5497 corr.
634 5445 672 5498 0ι
782 5444 815 5497 10
837 5445 966 5511 integrum
982 5441 1058 5508 infra
1075 5440 1117 5506 ΙΙ,
1134 5445 1168 5493 10
1242 5440 1341 5509 uideor]
1360 5442 1434 5494 credo
1451 5442 1526 5509 irsfro
1543 5442 1585 5507 II,
1603 5447 1635 5495 10
1743 5443 1776 5495 11
1794 5440 1925 5510 reuersus]

277 5550 291 5584 r
308 5541 366 5583 ante
384 5550 398 5584 e
416 5550 435 5583 a.
455 5533 472 5583 l.
489 5532 539 5595 θ’,
555 5549 687 5598 regressus
704 5533 778 5599 infra
797 5530 838 5595 II,
855 5536 888 5584 10
957 5527 1042 5597 uobis]
1060 5547 1092 5581 ete
1108 5530 1220 5597 epistola
1236 5531 1279 5595 II,
1296 5537 1329 5585 10
1344 5531 1450 5597 rasae,
1466 5532 1541 5585 iubas
1561 5534 1585 5584 0
1689 5531 1722 5584 13
1738 5550 1804 5600 quse
1822 5530 1923 5600 diuisio]

278 5621 343 5671 coci.
357 5620 484 5684 Oorriss'as,
500 5638 566 5688 quus
584 5620 672 5672 diuino
692 5621 715 5673 O
819 5616 851 5671 17
869 5621 1022 5674 consuletur
1043 5617 1067 5672 0
