4462 6216
797 384 907 445 tisun
924 384 960 454 11,
982 384 1049 443 XIII
1066 385 1083 456 ὅ
1100 386 1118 443 3
1135 416 1169 425 -
1186 384 1238 444 XV
1255 386 1272 457 ὅ
1288 387 1314 443 8.
1812 392 1874 455 323

234 565 297 634 nisi
320 565 450 632 diabolo
473 566 596 652 utique,
620 565 675 650 qni
698 564 889 630 delictorum
912 570 946 629 st
965 564 1114 629 incentor
1129 569 1182 628 est
1197 569 1231 628 ct
1248 562 1393 629 delator?
1431 565 1502 650 ipse
1520 563 1616 645 enim,
1639 571 1675 629 ut
1690 585 1876 651 peccemus,
1932 569 1966 642 G

235 674 381 757 instigat,
410 673 497 757 ipse,
527 692 600 734 cum
626 669 885 755 peccaverimus,
916 674 1059 733 accusat.
1104 673 1139 732 et
1165 668 1240 733 ideo
1263 670 1296 733 in
1319 670 1526 735 confessione
1550 669 1716 734 criminum
1739 673 1876 736 anobis

234 776 460 862 praeveniatur
482 776 515 838 in
539 774 684 854 saeculo,
706 780 743 838 ut
766 778 883 836 contra·
902 794 962 837 nos
985 793 1051 836 non
1074 771 1195 836 habeat
1217 772 1303 857 quod
1326 774 1470 859 proferat
1492 775 1525 838 in
1547 775 1666 838 futuro.

1011 1083 1105 1150 xlv.

197 1259 208 1297 s
262 1238 550 1307 BEATISSIMIS
573 1237 631 1302 ΕΤ
654 1238 703 1303 IN
727 1237 922 1304 CHRISTO
945 1238 1316 1306 VENERABILIBUS
1339 1239 1594 1305 FRATRIBUS
1617 1239 1854 1307 FOEDAMIO

514 1342 572 1407 ΕΤ
594 1341 750 1408 VILIOO
773 1341 1082 1408 PRESBYTERIS
1106 1342 1322 1409 RURIOIUS
1344 1342 1601 1410 EPISOOPUS.

342 1460 535 1570 Qumnsm
563 1489 691 1555 litteras
719 1489 930 1554 fraternitatis
954 1495 1084 1554 vestrae
1112 1511 1172 1575 per
1198 1489 1430 1556 subdiaconem
1453 1489 1684 1579 contemptum
1713 1513 1778 1556 non
1805 1512 1880 1577 per·
1912 1497 1927 1555 l

236 1596 388 1684 ceperim,
412 1603 521 1661 tamen
544 1595 605 1658 has
629 1614 690 1678 ego
714 1614 752 1658 ac
774 1614 834 1678 per
855 1593 962 1678 ipsum
978 1593 1019 1657 ad
1034 1613 1103 1675 vos,
1126 1594 1245 1658 affectu
1261 1595 1447 1679 instigante,
1470 1594 1585 1677 direxi,
1608 1602 1645 1660 ut
1666 1601 1700 1660 et
1715 1594 1877 1660 desiderio

238 1701 462 1766 satisfacerem
479 1704 513 1763 et
533 1695 696 1762 scribendi
718 1696 843 1760 aditum
863 1696 953 1782 prius
974 1696 1061 1780 prior
1082 1701 1196 1782 utpote
1219 1699 1452 1782 patefacerem,
1475 1720 1516 1764 ne
1540 1699 1573 1763 in
1596 1705 1765 1784 posterum
1788 1700 1879 1762 locus

185 1820 211 1858 1⁰
237 1806 474 1889 relinqueretur
505 1801 708 1867 excusationi
738 1808 773 1864 st
802 1822 854 1865 res
876 1799 1055 1864 voluntatis
1084 1798 1285 1866 diffidentiae
1311 1808 1345 1866 et
1367 1801 1584 1867 verecundiae
1609 1824 1683 1867 esse
1707 1803 1880 1869 diceretur.

240 1909 378 1974 salutem
401 1907 511 1991 itaque
535 1906 570 1969 in
593 1904 723 1969 Christo
747 1903 877 1969 domino
900 1904 1073 1990 plurimam
1096 1904 1168 1969 dieo
1192 1905 1387 1970 beatitudini
1409 1913 1540 1971 vestrae
1563 1912 1597 1970 et
1617 1927 1729 1992 spero,
1757 1912 1795 1970 ut
1816 1926 1879 1986 me,
1912 1907 1931 1968 2

238 2012 322 2077 sicut
357 2010 452 2076 decet
486 2008 727 2084 ecclesiasticos
752 2008 857 2088 viros,
891 2029 958 2072 non
987 2006 1083 2072 labiis
1121 2006 1180 2073 sed
1214 2007 1310 2073 corde
1340 2008 1482 2093 diligatis
1515 2016 1549 2074 et
1581 2010 1623 2075 de
1657 2030 1708 2074 me
1742 2011 1878 2074 caritate

239 2115 380 2198 (sincera
402 2113 487 2178 malo
511 2133 609 2197 quam
624 2112 776 2197 pristina)
800 2111 910 2176 dicere
925 2112 1159 2197 praesumatis;
1183 2112 1269 2196 quia,
1294 2113 1321 2177 si
1337 2113 1395 2177 illa
1408 2113 1527 2178 fuisset
1542 2135 1632 2194 vera,
1655 2119 1882 2200 permanserat

239 2226 287 2299 et,
316 2220 344 2283 si
365 2219 483 2282 fuisset
504 2223 631 2297 mutua,
661 2221 787 2280 mutata
809 2236 875 2280 non
897 2216 1014 2280 fuerat.
1059 2236 1079 2280 a
1102 2216 1194 2280 cuius
1216 2222 1326 2280 tamen
1349 2215 1448 2281 fuerit
1471 2222 1563 2302 parte
1587 2223 1726 2298 mutata,
1749 2223 1782 2282 ct
1804 2237 1881 2281 con·
1913 2218 1932 2278 3

187 2337 211 2374 ¹⁵
239 2322 397 2387 scientiae
427 2327 559 2386 nostrae
586 2320 737 2385 noverint
765 2325 799 2384 et
827 2319 1099 2383 conscientiarum
1122 2321 1271 2405 cognitor
1294 2320 1365 2384 sine
1388 2325 1551 2385 assertore
1573 2321 1755 2405 cognoscit,
1785 2341 1882 2407 quem

240 2448 302 2513 ego
325 2431 445 2491 testem
467 2425 607 2490 adhibeo
630 2423 826 2510 professioni
849 2444 954 2504 meae,
977 2444 1039 2488 nec
1062 2422 1103 2487 ds
1125 2423 1219 2487 initio
1243 2423 1417 2487 simultatis
1439 2445 1492 2488 me
1515 2443 1589 2489 esse
1606 2424 1802 2510 culpabilem
1819 2445 1881 2488 nec

238 2532 272 2595 in
294 2531 390 2595 corde
413 2551 485 2594 meo
507 2529 582 2593 inde
606 2526 757 2613 quicquid
779 2533 888 2592 actum
911 2532 961 2592 cst
981 2525 1142 2592 dictumve
1159 2526 1331 2608 resedisse,
1354 2529 1430 2612 quia
1446 2529 1512 2595 scio
1528 2529 1622 2594 nobis
1638 2529 1679 2595 ab
1697 2534 1830 2594 aeterno
1846 2534 1879 2592 et

239 2657 317 2701 vero
340 2636 447 2699 iudice
470 2634 603 2713 dictum,
627 2632 713 2718 quod
736 2633 800 2697 nisi
823 2653 866 2697 ex
882 2631 981 2697 corde
997 2631 1214 2697 dimiserimus
1230 2632 1396 2713 fratribus,
1422 2632 1518 2697 nobis
1536 2632 1655 2697 dimitti
1670 2653 1736 2697 non
1752 2631 1882 2698 debeat.

240 2740 369 2804 habetis
395 2739 504 2822 itaque
532 2738 740 2823 sponsionem
770 2757 893 2817 meam,
925 2735 1051 2802 reddite
1083 2736 1164 2800 mihi
1185 2735 1282 2801 fidem
1304 2743 1463 2817 vestram,
1492 2737 1570 2821 quia
1591 2737 1624 2800 in
1647 2736 1789 2822 epistula
1809 2757 1884 2800 mea
1914 2741 1933 2799 4

187 2857 213 2896 2⁰
239 2844 353 2929 procul
376 2840 474 2906 dubio
491 2841 654 2905 vinculum
670 2838 757 2926 quod
773 2840 937 2925 elegeritis
958 2839 1122 2904 habebitis
1138 2845 1195 2904 aut
1210 2840 1364 2920 caritatis,
1388 2838 1475 2924 quod
1491 2838 1668 2904 salubriter
1683 2839 1883 2925 constringat

242 2954 275 3011 et
297 2946 476 3026 custodiat,
500 2951 557 3008 aut
580 2944 754 3031 perfidiae,
777 2943 865 3029 quod
887 2944 1095 3029 culpabiliter
1117 2944 1262 3010 innectat
1285 2949 1319 3009 et
1341 2943 1468 3030 perdat.
1512 2965 1574 3009 nec
1595 2943 1675 3008 mihi
1697 2943 1820 3028 aliquid
1842 2942 1883 3007 de

242 3051 362 3116 iudicio
385 3049 501 3136 prioris
523 3048 679 3134 temporis
703 3048 879 3134 imputetis,
909 3048 986 3133 quia
1008 3046 1205 3113 definitionis
1228 3067 1322 3112 meae
1345 3054 1397 3113 est
1419 3048 1451 3111 in
1475 3047 1624 3112 amicitiis
1648 3068 1780 3112 servare
1803 3068 1881 3111 oon-

242 3153 385 3219 cordiam
408 3160 442 3218 et
465 3153 498 3216 in
520 3153 650 3218 iudiciis
673 3160 787 3218 tenere
810 3172 990 3218 censuram.
1035 3151 1115 3216 illud
1139 3152 1238 3216 stiam
1261 3152 1460 3237 peculiarius
1482 3149 1627 3235 gaudeo,
1656 3150 1742 3236 quod
1764 3170 1823 3215 vos
1850 3152 1884 3215 in
1915 3155 1935 3214 5

243 3259 402 3342 integram
426 3256 535 3322 domni
558 3263 592 3322 et
613 3257 725 3321 fratris
747 3258 813 3321 mei
835 3256 1090 3321 familiaritatem
1114 3255 1238 3320 redisse
1262 3255 1411 3340 cognovi.
1450 3261 1611 3340 superest,
1634 3261 1671 3319 ut
1691 3253 1778 3339 quod
1797 3254 1884 3318 illius

189 3376 213 3416 2⁵
241 3363 381 3427 inbono
404 3361 518 3426 tribuit
540 3361 655 3446 gratia,
679 3365 789 3425 vestra
811 3360 844 3424 in
866 3358 996 3424 domino
1020 3357 1182 3424 custodiat
1204 3357 1395 3443 insequella.

1023 3668 1101 3736 XV.

322 3823 529 3889 DOMINAII
552 3821 836 3888 VENERABILI
857 3824 916 3888 ΕΤ
938 3824 987 3890 IN
1010 3823 1205 3890 CHRISTO
1228 3823 1407 3890 DOMINO
1429 3822 1811 3889 MAGNIFICANDAE

581 3926 735 3992 FILIAE
760 3926 1023 3994 OERAUNIAE
1048 3927 1263 3994 RURIOIUS
1285 3926 1543 3994 EPISOOPUS.

348 4046 416 4142 Ur
439 4075 598 4162 pictorem
620 4072 713 4139 vobis
735 4080 834 4140 antea
856 4097 921 4140 non
943 4078 1215 4154 transmitterem,
1243 4077 1325 4141 haec
1350 4098 1403 4141 res
1426 4077 1518 4157 fecit,
1548 4075 1624 4161 quia
1646 4075 1788 4141 adventu
1811 4075 1887 4141 novi
1921 4079 1933 4137 l

190 4194 215 4232 ³0
242 4179 357 4245 iudicis
380 4185 413 4242 te
436 4184 628 4264 occupatam
651 4198 725 4242 esse
748 4177 871 4243 credidi
894 4186 992 4267 atque
1015 4180 1061 4245 ita
1083 4179 1286 4259 deterritam,
1316 4185 1353 4243 ut
1379 4179 1420 4245 de
1451 4179 1502 4244 his
1529 4179 1628 4245 rebus
1656 4180 1799 4265 cogitare
1822 4201 1887 4244 non

241 4304 371 4370 posscs;
396 4281 453 4347 sed
469 4283 546 4366 quia
568 4281 628 4346 deo
651 4282 791 4367 propitio
816 4301 874 4346 vos
897 4288 930 4348 et
951 4282 1069 4348 litteris
1093 4289 1127 4348 et
1149 4284 1307 4349 relatione
1330 4291 1511 4348 vestrorum
1535 4305 1578 4348 cx
1601 4283 1765 4349 sententia
1787 4303 1886 4368 agere

242 4408 280 4450 ac
303 4387 412 4451 valere
436 4385 583 4470 cognovi,
608 4385 804 4451 salutatione
827 4386 983 4472 praelata,
1012 4388 1182 4473 pictorem,
1209 4386 1388 4472 quamlibet
1410 4387 1462 4451 hic
1485 4391 1575 4451 esset
1598 4392 1787 4472 occupatus,
1816 4407 1888 4450 cum

242 4489 401 4575 discipulo
425 4487 600 4570 destinavi,
628 4490 704 4575 quia
725 4491 826 4556 malui
848 4513 943 4558 meae
966 4491 1139 4558 detrahere
1161 4491 1367 4573 necessitati,
1399 4491 1486 4556 unde
1508 4498 1639 4557 vestrae
1661 4491 1887 4556 satisfacerem

243 4594 401 4680 petitioni.
440 4591 499 4657 sed
521 4593 598 4677 quia
621 4601 654 4658 ct
676 4595 878 4680 propositum
901 4601 1046 4662 vestrum
1069 4602 1103 4660 et
1118 4602 1266 4660 nostrum
1281 4595 1387 4680 poscit
1402 4593 1551 4674 officium,
1575 4593 1627 4658 his
1644 4594 1888 4659 venerationem
1919 4594 1939 4655 2

191 4712 216 4760 ιι
243 4703 385 4764 vestram
412 4697 526 4782 paucis
556 4717 688 4762 monere
717 4700 936 4786 praesumpsi,
966 4705 1002 4764 ut
1029 4721 1073 4765 ex
1100 4719 1200 4786 opere
1231 4698 1318 4764 illius
1349 4697 1391 4763 ad
1414 4696 1576 4783 agendam
1598 4698 1830 4784 paenitentiam
1855 4704 1889 4762 et

243 4822 328 4866 nova
354 4802 429 4865 novi
458 4800 596 4865 hominis
624 4802 823 4868 vestimenta
853 4801 1012 4869 sumenda
1042 4803 1153 4890 capias
1183 4804 1384 4889 exemplum,
1417 4822 1480 4888 quo
1506 4801 1636 4866 facilius
1664 4802 1698 4866 in
1726 4807 1760 4865 te
1782 4799 1890 4866 Adam

243 4910 391 4968 vetustus
421 4905 562 4968 intereat
591 4910 625 4969 et
651 4906 831 4971 vivificator
857 4913 1028 4993 exsurgat;
1058 4905 1330 4994 quemadmodum
1361 4906 1417 4971 ille
1447 4906 1589 4993 parietes
1617 4906 1714 4970 variis
1746 4905 1889 4970 colorum
1921 4906 1940 4968 3

247 5036 362 5043 ——-

350 5144 383 5197 18
400 5144 484 5201 Marc.
503 5145 550 5208 XI,
568 5146 610 5200 26.

247 5282 251 5289 '
347 5283 575 5337 ldelactorumtl
668 5284 828 5354 2instingat
842 5287 881 5338 (1ι
974 5284 1250 5341 IsubsidiaconsmG
1308 5285 1498 5339 contimtumO
1554 5281 1718 5352 perceperim]
1733 5284 1892 5352 Ldrjobaua,

243 5371 398 5439 perciperem
415 5372 439 5421 θ
540 5371 676 5439 tiergoG
777 5371 925 5426 9scibendi
943 5375 1059 5426 auditum
1073 5373 1151 5439 (corr.
1164 5375 1261 5426 aditum
1277 5372 1370 5438 090
1467 5370 1499 5422 11
1518 5371 1668 5438 ρ1ιιι1ιιιῡο
1767 5370 1799 5422 13
1813 5372 1892 5423 mallo

244 5464 297 5524 qud
311 5458 342 5522 0,
359 5459 386 5507 in
399 5458 511 5522 alloquio
525 5457 645 5508 canutus
738 5457 770 5510 14
787 5457 885 5525 mutua]
899 5460 1058 5526 Ls’lty‘clraam
1075 5470 1173 5515 mutata
1186 5464 1211 5513 0
1304 5462 1336 5513 16
1354 5459 1517 5513 simulatisG
1610 5456 1642 5508 17
1661 5455 1893 5524 indalMcmmaca‚

244 5544 319 5595 deo
423 5540 456 5593 18
474 5544 687 5596 demiserimusG
789 5543 823 5596 24
840 5544 979 5612 domnilff
1081 5546 1117 5600 25
1133 5549 1269 5615 insequilla
1284 5549 1307 5599 0
1319 5566 1372 5615 pro
1390 5545 1530 5611 obsequela
1632 5541 1665 5594 Ξῖ
1684 5545 1892 5611 magnificandae

242 5648 309 5681 corr.
329 5630 514 5704 magnificande
533 5631 570 5680 0¹
703 5630 737 5683 29
761 5650 802 5684 rea
824 5630 895 5700 fecit]
914 5633 1037 5700 Bumcpe
1055 5636 1129 5699 wat,
1153 5636 1285 5688 refacitG
1412 5632 1447 5686 30
1467 5631 1537 5684 cradi
1557 5631 1581 5682 θ
1710 5629 1743 5683 31
1767 5633 1893 5699 possisG

243 5713 365 5782 32cu1n]
384 5732 443 5766 sum
463 5715 487 5765 0
588 5713 623 5766 34
640 5718 769 5785 petitionis
789 5718 813 5769 θ
915 5717 948 5771 31
967 5720 1065 5772 interea
1085 5722 1110 5774 θ

1628 5835 1685 5891 41·
