4462 6216
866 345 932 401 XVI
949 360 975 398 v.
996 345 1045 398 118
1063 374 1096 384 -
1114 344 1193 398 XXII
1211 342 1228 411 ὅ
1247 344 1269 398 1.

603 519 733 582 aemula
755 517 880 583 Baiano
904 518 1061 583 tolluntur
1083 518 1226 583 culmina
1248 538 1331 584 cono

650 642 774 708 parque
797 622 993 688 cothurnato
1016 622 1140 687 vertice
1162 623 1267 707 fulget
1290 643 1388 709 apex.

560 740 571 775 ι’·
603 727 736 810 garrula
759 725 921 791 Gauranis
944 727 1017 813 plus
1039 733 1219 791 murmurat
1242 726 1330 791 unda
1353 727 1483 790 fluentis

650 830 794 915 contigui
817 831 912 895 collis
936 831 1030 916 lapsa
1051 831 1235 917 supercilio.

602 929 779 998 Lucrinum
802 941 952 1019 stagnum
974 935 1067 1000 dives
1091 932 1274 1020 Campania
1295 935 1407 1015 nollet,

651 1056 793 1121 aequora
816 1039 842 1101 si
865 1038 968 1102 nostri
991 1044 1140 1104 cerneret
1161 1039 1219 1103 illa
1241 1039 1342 1103 lacus.

603 1138 683 1204 illud
705 1141 853 1227 puniceis
876 1149 1011 1208 ornatur
1032 1142 1109 1208 litus
1133 1143 1270 1223 echinis,

548 1257 573 1295 ¹⁰
650 1245 793 1331 piscibus
818 1246 851 1310 in
874 1247 1004 1324 nostris,
1028 1247 1159 1334 hospes,
1182 1254 1356 1333 utrumque
1380 1248 1483 1315 vides.

604 1348 631 1411 si
654 1349 735 1413 libet
758 1356 792 1414 ot
815 1350 944 1436 placido
965 1350 1096 1436 partiris
1119 1351 1239 1436 gaudia
1261 1351 1370 1431 corde,

649 1453 795 1539 quisquis
819 1454 909 1535 ades,
933 1453 1033 1519 Baias
1056 1463 1092 1520 tu
1115 1455 1197 1520 facis
1220 1456 1271 1520 hic
1295 1457 1413 1522 animo.

1015 1713 1108 1778 XIX.

927 1848 988 1914 DE
1012 1849 1202 1917 PISOINA.

605 1949 750 2042 Insanus
773 1978 924 2062 algentes
947 1986 1022 2065 post
1044 1978 1165 2044 balnea
1188 1979 1310 2044 torrida
1333 1979 1462 2055 fluctus.

649 2087 686 2143 nt
709 2079 828 2145 solidet
851 2080 990 2146 calidam
1014 2082 1136 2168 frigore
1158 2083 1291 2169 lympha
1314 2090 1439 2147 cutem:

602 2190 635 2247 et
657 2183 735 2247 licet
758 2183 820 2248 hoc
843 2184 913 2249 solo
937 2187 1092 2271 mergatis
1117 2187 1263 2251 membra
1286 2187 1422 2272 liquore,

650 2309 710 2372 per
732 2293 884 2371 stagnum
907 2295 1053 2353 nostrum
1077 2288 1200 2354 lumina
1224 2298 1334 2354 restra
1356 2295 1480 2356 natant.

1024 2545 1099 2611 XX.

698 2680 760 2746 AD
783 2680 1009 2748 EODIOIUM
1033 2682 1268 2748 SORORIUM
1292 2683 1426 2749 SUUM.

602 2779 646 2871 N
649 2830 755 2875 aronis
776 2818 890 2877 noster
911 2810 1024 2876 Nonas
1046 2812 1172 2878 instare
1195 2811 1401 2879 Novembres

648 2914 817 2978 admonet:
841 2934 994 2979 occurras
1018 2934 1084 2979 non
1106 2935 1196 3000 rogo,
1220 2914 1278 2980 scd
1302 2916 1411 2983 iubeo.

602 3019 644 3081 sit
666 3023 774 3081 tecum
798 3018 950 3097 coniunx,
973 3018 1038 3083 (luo
1061 3039 1148 3083 nuno
1170 3025 1365 3107 properate:
1389 3019 1448 3086 sed
1470 3020 1551 3084 illud

648 3128 722 3208 post
742 3142 863 3186 annum
886 3129 1037 3209 optamus
1060 3123 1179 3188 tertius
1202 3131 1239 3189 nt
1261 3124 1384 3189 venias.

1016 3379 1112 3448 XXI.

737 3517 798 3584 DII
822 3518 1028 3585 PISOIBUS
1051 3519 1200 3586 NOCTE
1224 3519 1395 3588 OAPTIS.

604 3617 791 3726 Qusrruon
815 3647 896 3714 haec
920 3651 1060 3735 primum
1083 3650 1192 3735 pisces
1216 3671 1281 3715 nox
1305 3651 1406 3715 insuit
1429 3651 1552 3727 hamis;

648 3752 724 3815 inde
747 3751 829 3815 duos
850 3753 953 3832 tenui,
976 3760 1011 3817 tn
1035 3774 1165 3838 quoque
1188 3774 1281 3818 sume
1305 3752 1397 3820 duos.

603 3876 682 3940 quos
704 3855 789 3933 misi,
812 3862 889 3919 sunt
911 3857 1070 3932 maiores;
1094 3857 1297 3921 rectissimus
1322 3858 1401 3922 ordo
1423 3866 1492 3928 est:

649 3978 790 4042 namque
813 3958 941 4024 animae
966 3965 1099 4024 nostrae
1121 3961 1228 4046 portio
1252 3962 1356 4026 maior
1379 3983 1464 4027 eras.

1007 4246 1118 4314 XXII.

571 4386 783 4455 SIDONIUS
807 4385 975 4453 PONTIO
999 4384 1198 4452 LEONTIO
1222 4384 1309 4451 SUO
1335 4385 1558 4452 SALUTEM.

344 4509 431 4601 Dua
454 4535 540 4621 apud
563 4535 752 4600 Narbonem
776 4533 939 4620 qnondam
962 4532 1115 4598 Martium
1147 4533 1268 4598 dictum
1292 4533 1349 4598 scd
1374 4554 1479 4620 nuper
1500 4534 1623 4600 factum
1646 4559 1754 4602 moros
1779 4545 1883 4619 necto,
1921 4543 1934 4603 l

237 4641 336 4705 subiit
359 4643 501 4706 animum
525 4642 694 4728 quospiam
719 4640 899 4706 secuudum
923 4661 1067 4705 amorem
1092 4648 1183 4705 tuum
1208 4639 1417 4704 hexametros
1442 4640 1637 4704 concinnare
1660 4641 1713 4705 vel
1739 4641 1888 4723 condere,

338 4882 521 4935 3baiu1011'2
607 4899 671 4934 cano
689 4881 718 4934 F
836 4882 968 4951 lparquc
986 4883 1015 4934 F
1131 4881 1148 4934 5
1166 4884 1276 4935 fluentas
1298 4882 1339 4933 T·
1460 4880 1666 4950 OpunioonaO
1749 4883 1848 4935 achinis
1867 4883 1892 4934 P

234 4972 414 5023 EXPLICIT.
438 4975 501 5023 Itcm
523 4971 637 5023 ciusdem
658 4972 806 5023 tetrasticon
830 4988 908 5038 supra
930 4971 1053 5038 pissinam
1071 4971 1168 5023 tracter.
1190 4971 1337 5022 rubticctor
1354 4970 1382 5021 ia
1402 4969 1437 5034 0,·
1460 4971 1575 5022 ciusdem
1592 4987 1644 5036 sqq.
1661 4971 1719 5023 item
1738 4969 1779 5033 F;
1804 4971 1890 5021 mum

234 5058 470 5109 TETRASTICON
489 5059 641 5108 ulvsoum
658 5058 705 5107 DE
722 5057 856 5108 Piscina
874 5058 940 5108 SVA
962 5056 995 5115 T,·
1017 5057 1226 5123 inemptam
1246 5074 1298 5107 rino
1315 5072 1391 5109 aaran
1408 5065 1516 5108 caecato
1533 5074 1581 5107 om.
1595 5055 1622 5107 P
1729 5053 1747 5107 4
1765 5063 1852 5108 nostra
1863 5054 1892 5107 F

235 5146 299 5196 Item
316 5146 464 5196 tetrasticon
482 5146 606 5197 adversus
624 5145 722 5195 clarum
735 5144 863 5195 Ecditium
879 5144 1005 5196 sororium
1024 5160 1100 5197 suum
1118 5144 1194 5196 inter.
1209 5143 1355 5194 mornaco
1368 5142 1396 5193 in
1410 5144 1447 5207 0,·
1465 5128 1524 5195 [ΤΕ
1539 5128 1665 5195 EIVSDX
1682 5143 1730 5194 AD
1751 5128 1890 5195 mulcti(

234 5217 379 5283 SORORII'
405 5217 472 5281 st
493 5231 527 5294 Τ,·
549 5231 671 5282 Eiusdem
695 5246 746 5295 sqq.
769 5229 826 5280 item
844 5228 881 5291 F,·
904 5246 956 5281 tow
980 5246 1054 5282 cnon
1079 5239 1186 5282 caecato
1211 5247 1261 5281 om.
1279 5227 1305 5278 P
1432 5230 1446 5281 1
1470 5230 1624 5281 novembres
1641 5229 1673 5292 P,
1699 5230 1848 5282 decembres
1869 5228 1895 5279 T

128 5305 137 5321 ⁶
233 5316 396 5384 Poccurras]
420 5337 470 5370 non
494 5335 611 5370 roccrans
629 5318 673 5370 F·
748 5319 812 5368 Item
829 5317 978 5369 tetrasticon
997 5317 1028 5367 de
1046 5317 1160 5384 piscibus
1181 5325 1257 5369 noete
1278 5316 1361 5383 captis
1379 5317 1456 5369 litter.
1474 5316 1547 5367 rubr.
1565 5316 1593 5367 ia
1610 5316 1645 5371 Or
1669 5316 1822 5367 mvsnnm
1844 5316 1891 5367 DE

232 5406 350 5467 luscus
372 5406 485 5455 NOCTE
503 5405 623 5455 CAP'l'lS
646 5404 678 5464 Τ,·
699 5404 757 5455 item
780 5402 825 5453 litt.
848 5403 955 5455 atinate.
975 5403 1004 5453 F
1004 5421 1013 5462 ,·
1035 5404 1224 5468 inscriptionem
1246 5419 1300 5453 rano
1322 5418 1398 5453 certa
1419 5410 1526 5454 vacante
1543 5419 1592 5452 om,
1606 5400 1632 5450 P
1656 5415 1660 5422 ·
1751 5400 1765 5451 l
1784 5419 1844 5453 mox
1863 5401 1893 5453 F

233 5508 284 5556 atq.
301 5508 323 5543 c.
337 5491 366 5540 X
370 5491 408 5541 1³1
423 5491 451 5540 ia
468 5491 497 5554 Τ,
515 5507 535 5541 r.
550 5490 623 5540 XXI
627 5491 651 5539 Γ
667 5491 694 5540 in
710 5488 760 5540 PF
827 5489 942 5555 Epistola
958 5489 1056 5540 Sidonii
1075 5470 1121 5557 cpi
1134 5490 1229 5541 Poncio
1246 5490 1357 5540 Leoncio
1375 5488 1472 5541 directa
1487 5489 1565 5538 inter.
1584 5487 1657 5538 mor.
1676 5489 1704 5538 ln
1718 5488 1750 5548 0,·
1768 5488 1889 5539 Sidonius

235 5579 322 5645 pontio
335 5579 429 5628 leontio
441 5579 550 5628 solutam
560 5578 598 5637 Ε,-
611 5578 687 5627 truita
698 5576 829 5641 irnrra'ptt'o
842 5575 869 5624 in
880 5573 915 5631 I’r
926 5574 958 5625 tie
970 5574 994 5624 Τ
1002 5593 1024 5627 r.
1033 5584 1094 5641 post
1102 5593 1124 5627 c.
1135 5575 1209 5626 XXI
1212 5575 1237 5624 1⁷
1315 5572 1385 5626 Qum
1397 5574 1429 5637 1²,
1442 5573 1540 5625 cumF
1581 5574 1650 5640 apud
1660 5575 1802 5626 nnrbruram
1814 5574 1892 5637 OPF,

233 5666 348 5715 rrarbonc
366 5665 433 5731 npnrl
454 5664 478 5713 Τ
525 5664 652 5730 qnondam
671 5662 699 5726 Τ,
717 5663 844 5728 qumnlam
856 5661 881 5712 P
933 5662 1056 5713 marcium
1079 5664 1150 5715 Tor*
1241 5663 1258 5714 3
1275 5660 1446 5713 concinaroP
1498 5661 1539 5712 vol
1552 5662 1661 5712 condere
1674 5680 1723 5714 om.
1735 5662 1891 5713 Simrmulaa

1631 5781 1684 5834 31·
