<?xml version="1.0" encoding="UTF-8"?>
<!DOCTYPE html PUBLIC "-//W3C//DTD XHTML 1.0 Transitional//EN"
    "http://www.w3.org/TR/xhtml1/DTD/xhtml1-transitional.dtd">
<html xmlns="http://www.w3.org/1999/xhtml" xml:lang="en" lang="en">
 <head>
  <title>
</title>
<meta http-equiv="Content-Type" content="text/html;charset=utf-8" />
  <meta name='ocr-system' content='tesseract 3.04.00' />
  <meta name='ocr-capabilities' content='ocr_page ocr_carea ocr_par ocr_line ocrx_word'/>
</head>
<body>
  <div class='ocr_page' id='page_1' title='image "./gaisoliiapollin00ltgoog_0240.png"; bbox 0 0 4462 6216; ppageno 0'>
   <div class='ocr_carea' id='block_1_1' title="bbox 965 305 1996 381">
    <p class='ocr_par' dir='ltr' id='par_1_1' title="bbox 965 305 1996 381">
     <span class='ocr_line' id='line_1_1' title="bbox 965 305 1996 381; baseline 0.005 -20"><span class='ocrx_word' id='word_1_1' title='bbox 965 305 1379 378; x_wconf 69' lang='lat' dir='ltr'><strong>cucumam-ssa.</strong></span> <span class='ocrx_word' id='word_1_2' title='bbox 1936 319 1996 381; x_wconf 82' lang='lat'><strong>155</strong></span> 
     </span>
    </p>
   </div>
   <div class='ocr_carea' id='block_1_2' title="bbox 290 465 2049 2640">
    <p class='ocr_par' dir='ltr' id='par_1_2' title="bbox 346 465 2049 880">
     <span class='ocr_line' id='line_1_2' title="bbox 347 465 2049 573; baseline 0.008 -33"><span class='ocrx_word' id='word_1_3' title='bbox 347 476 462 541; x_wconf 89' lang='lat' dir='ltr'><strong>merito</strong></span> <span class='ocrx_word' id='word_1_4' title='bbox 485 477 722 559; x_wconf 75' lang='lat' dir='ltr'><strong>lecturiremus,</strong></span> <span class='ocrx_word' id='word_1_5' title='bbox 750 481 892 566; x_wconf 91' lang='lat' dir='ltr'><strong>plurima</strong></span> <span class='ocrx_word' id='word_1_6' title='bbox 914 488 1039 562; x_wconf 90' lang='lat' dir='ltr'><strong>tenere,</strong></span> <span class='ocrx_word' id='word_1_7' title='bbox 1062 488 1180 548; x_wconf 88' lang='lat' dir='ltr'><strong>cuneta</strong></span> <span class='ocrx_word' id='word_1_8' title='bbox 1202 484 1430 550; x_wconf 77' lang='lat' dir='ltr'><strong>transcribere.</strong></span> <span class='ocrx_word' id='word_1_9' title='bbox 1475 485 1619 550; x_wconf 91' lang='lat' dir='ltr'><strong>omnium</strong></span> <span class='ocrx_word' id='word_1_10' title='bbox 1642 465 1780 552; x_wconf 70' lang='lat' dir='ltr'><strong>assdnsu</strong></span> <span class='ocrx_word' id='word_1_11' title='bbox 1803 488 1995 573; x_wconf 88' lang='lat' dir='ltr'><strong>pronuntia·</strong></span> <span class='ocrx_word' id='word_1_12' title='bbox 2028 491 2049 553; x_wconf 86' lang='lat'>2</span> 
     </span>
     <span class='ocr_line' id='line_1_3' title="bbox 346 585 1996 671; baseline 0.006 -23"><span class='ocrx_word' id='word_1_13' title='bbox 346 590 414 648; x_wconf 93' lang='lat' dir='ltr'><strong>tum</strong></span> <span class='ocrx_word' id='word_1_14' title='bbox 437 605 543 670; x_wconf 90' lang='lat' dir='ltr'><strong>pauca</strong></span> <span class='ocrx_word' id='word_1_15' title='bbox 564 605 651 649; x_wconf 91' lang='lat' dir='ltr'><strong>nunc</strong></span> <span class='ocrx_word' id='word_1_16' title='bbox 674 606 780 671; x_wconf 88' lang='lat' dir='ltr'><strong>posse</strong></span> <span class='ocrx_word' id='word_1_17' title='bbox 802 585 923 649; x_wconf 79' lang='lat' dir='ltr'><strong>similia</strong></span> <span class='ocrx_word' id='word_1_18' title='bbox 950 585 1076 650; x_wconf 88' lang='lat' dir='ltr'><strong>dictari.</strong></span> <span class='ocrx_word' id='word_1_19' title='bbox 1122 586 1245 652; x_wconf 84' lang='lat' dir='ltr'><strong>etenim</strong></span> <span class='ocrx_word' id='word_1_20' title='bbox 1275 609 1368 652; x_wconf 91' lang='lat' dir='ltr'><strong>rarus</strong></span> <span class='ocrx_word' id='word_1_21' title='bbox 1400 594 1456 653; x_wconf 92' lang='lat' dir='ltr'><strong>aut</strong></span> <span class='ocrx_word' id='word_1_22' title='bbox 1481 589 1590 653; x_wconf 90' lang='lat' dir='ltr'><strong>nullus</strong></span> <span class='ocrx_word' id='word_1_23' title='bbox 1620 596 1686 669; x_wconf 90' lang='lat' dir='ltr'><strong>est,</strong></span> <span class='ocrx_word' id='word_1_24' title='bbox 1717 591 1770 655; x_wconf 92' lang='lat' dir='ltr'><strong>cui</strong></span> <span class='ocrx_word' id='word_1_25' title='bbox 1801 591 1996 657; x_wconf 75' lang='lat' dir='ltr'><strong>meditaturo</strong></span> 
     </span>
     <span class='ocr_line' id='line_1_4' title="bbox 346 687 1996 778; baseline 0.005 -27"><span class='ocrx_word' id='word_1_26' title='bbox 346 709 405 774; x_wconf 92' lang='lat' dir='ltr'><strong>par</strong></span> <span class='ocrx_word' id='word_1_27' title='bbox 426 688 550 753; x_wconf 82' lang='lat' dir='ltr'><strong>affatim</strong></span> <span class='ocrx_word' id='word_1_28' title='bbox 574 689 709 753; x_wconf 90' lang='lat' dir='ltr'><strong>assistat</strong></span> <span class='ocrx_word' id='word_1_29' title='bbox 730 687 900 774; x_wconf 82' lang='lat' dir='ltr'><strong>dispositio</strong></span> <span class='ocrx_word' id='word_1_30' title='bbox 924 709 983 774; x_wconf 91' lang='lat' dir='ltr'><strong>per</strong></span> <span class='ocrx_word' id='word_1_31' title='bbox 1005 710 1134 771; x_wconf 89' lang='lat' dir='ltr'><strong>causas,</strong></span> <span class='ocrx_word' id='word_1_32' title='bbox 1157 691 1277 776; x_wconf 90' lang='lat' dir='ltr'><strong>positio</strong></span> <span class='ocrx_word' id='word_1_33' title='bbox 1299 711 1359 777; x_wconf 90' lang='lat' dir='ltr'><strong>per</strong></span> <span class='ocrx_word' id='word_1_34' title='bbox 1381 691 1518 770; x_wconf 89' lang='lat' dir='ltr'><strong>litteras,</strong></span> <span class='ocrx_word' id='word_1_35' title='bbox 1544 692 1733 777; x_wconf 84' lang='lat' dir='ltr'><strong>compositio</strong></span> <span class='ocrx_word' id='word_1_36' title='bbox 1757 714 1816 778; x_wconf 90' lang='lat' dir='ltr'><strong>per</strong></span> <span class='ocrx_word' id='word_1_37' title='bbox 1839 692 1996 778; x_wconf 77' lang='lat' dir='ltr'><strong>syllabas,</strong></span> 
     </span>
     <span class='ocr_line' id='line_1_5' title="bbox 347 790 1994 880; baseline 0.005 -26"><span class='ocrx_word' id='word_1_38' title='bbox 347 790 388 855; x_wconf 93' lang='lat' dir='ltr'><strong>ad</strong></span> <span class='ocrx_word' id='word_1_39' title='bbox 411 791 474 856; x_wconf 91' lang='lat' dir='ltr'><strong>hoc</strong></span> <span class='ocrx_word' id='word_1_40' title='bbox 497 793 724 878; x_wconf 87' lang='lat' dir='ltr'><strong>opportunitas</strong></span> <span class='ocrx_word' id='word_1_41' title='bbox 748 793 781 855; x_wconf 94' lang='lat' dir='ltr'><strong>in</strong></span> <span class='ocrx_word' id='word_1_42' title='bbox 805 792 967 876; x_wconf 85' lang='lat' dir='ltr'><strong>exemplis</strong></span> <span class='ocrx_word' id='word_1_43' title='bbox 992 790 1073 858; x_wconf 87' lang='lat' dir='ltr'><strong>fides</strong></span> <span class='ocrx_word' id='word_1_44' title='bbox 1095 793 1129 856; x_wconf 97' lang='lat' dir='ltr'><strong>in</strong></span> <span class='ocrx_word' id='word_1_45' title='bbox 1151 794 1357 873; x_wconf 88' lang='lat' dir='ltr'><strong>testimoniis,</strong></span> <span class='ocrx_word' id='word_1_46' title='bbox 1380 795 1566 880; x_wconf 86' lang='lat' dir='ltr'><strong>proprietas</strong></span> <span class='ocrx_word' id='word_1_47' title='bbox 1590 795 1623 858; x_wconf 91' lang='lat' dir='ltr'><strong>iu</strong></span> <span class='ocrx_word' id='word_1_48' title='bbox 1647 794 1802 880; x_wconf 87' lang='lat' dir='ltr'><strong>epithetis</strong></span> <span class='ocrx_word' id='word_1_49' title='bbox 1825 796 1994 862; x_wconf 88' lang='lat' dir='ltr'><strong>urbanitas</strong></span> 
     </span>
    </p>

    <p class='ocr_par' dir='ltr' id='par_1_3' title="bbox 307 894 2046 1397">
     <span class='ocr_line' id='line_1_6' title="bbox 307 894 1994 980; baseline 0.004 -22"><span class='ocrx_word' id='word_1_50' title='bbox 307 909 318 946; x_wconf 99' lang='grc'>5</span> <span class='ocrx_word' id='word_1_51' title='bbox 346 895 378 958; x_wconf 91' lang='lat' dir='ltr'><strong>iu</strong></span> <span class='ocrx_word' id='word_1_52' title='bbox 401 895 526 980; x_wconf 88' lang='lat' dir='ltr'><strong>figuris,</strong></span> <span class='ocrx_word' id='word_1_53' title='bbox 549 896 652 959; x_wconf 89' lang='lat' dir='ltr'><strong>virtus</strong></span> <span class='ocrx_word' id='word_1_54' title='bbox 676 897 708 959; x_wconf 93' lang='lat' dir='ltr'><strong>in</strong></span> <span class='ocrx_word' id='word_1_55' title='bbox 729 896 931 979; x_wconf 84' lang='lat' dir='ltr'><strong>argumentis</strong></span> <span class='ocrx_word' id='word_1_56' title='bbox 948 894 1076 980; x_wconf 91' lang='lat' dir='ltr'><strong>pondus</strong></span> <span class='ocrx_word' id='word_1_57' title='bbox 1093 896 1127 959; x_wconf 91' lang='lat' dir='ltr'><strong>in</strong></span> <span class='ocrx_word' id='word_1_58' title='bbox 1144 896 1305 976; x_wconf 85' lang='lat' dir='ltr'><strong>sensibus,</strong></span> <span class='ocrx_word' id='word_1_59' title='bbox 1329 896 1448 960; x_wconf 88' lang='lat' dir='ltr'><strong>flumen</strong></span> <span class='ocrx_word' id='word_1_60' title='bbox 1464 898 1496 960; x_wconf 93' lang='lat' dir='ltr'><strong>in</strong></span> <span class='ocrx_word' id='word_1_61' title='bbox 1513 898 1624 961; x_wconf 79' lang='lat' dir='ltr'><strong>verbis</strong></span> <span class='ocrx_word' id='word_1_62' title='bbox 1640 897 1763 962; x_wconf 82' lang='lat' dir='ltr'><strong>fulmen</strong></span> <span class='ocrx_word' id='word_1_63' title='bbox 1780 899 1812 962; x_wconf 93' lang='lat' dir='ltr'><strong>in</strong></span> <span class='ocrx_word' id='word_1_64' title='bbox 1829 900 1994 964; x_wconf 78' lang='lat' dir='ltr'><strong>clausulis.</strong></span> 
     </span>
     <span class='ocr_line' id='line_1_7' title="bbox 346 998 2046 1085; baseline 0.003 -23"><span class='ocrx_word' id='word_1_65' title='bbox 346 1004 511 1064; x_wconf 88' lang='lat' dir='ltr'><strong>structura</strong></span> <span class='ocrx_word' id='word_1_66' title='bbox 535 1021 613 1064; x_wconf 87' lang='lat' dir='ltr'><strong>vcro</strong></span> <span class='ocrx_word' id='word_1_67' title='bbox 642 999 734 1064; x_wconf 90' lang='lat' dir='ltr'><strong>fortis</strong></span> <span class='ocrx_word' id='word_1_68' title='bbox 765 1006 798 1064; x_wconf 90' lang='lat' dir='ltr'><strong>et</strong></span> <span class='ocrx_word' id='word_1_69' title='bbox 825 999 917 1064; x_wconf 87' lang='lat' dir='ltr'><strong>firma</strong></span> <span class='ocrx_word' id='word_1_70' title='bbox 941 1000 1270 1084; x_wconf 91' lang='lat' dir='ltr'><strong>coniunctionumque</strong></span> <span class='ocrx_word' id='word_1_71' title='bbox 1293 998 1533 1085; x_wconf 83' lang='lat' dir='ltr'><strong>perfacetarum</strong></span> <span class='ocrx_word' id='word_1_72' title='bbox 1556 1022 1644 1066; x_wconf 88' lang='lat' dir='ltr'><strong>nexa</strong></span> <span class='ocrx_word' id='word_1_73' title='bbox 1667 1003 1812 1066; x_wconf 90' lang='lat' dir='ltr'><strong>caesuris</strong></span> <span class='ocrx_word' id='word_1_74' title='bbox 1835 1002 1994 1067; x_wconf 93' lang='lat' dir='ltr'><strong>insolubi-</strong></span> <span class='ocrx_word' id='word_1_75' title='bbox 2027 1006 2046 1067; x_wconf 88' lang='lat'><strong>3</strong></span> 
     </span>
     <span class='ocr_line' id='line_1_8' title="bbox 345 1101 1994 1190; baseline 0.005 -26"><span class='ocrx_word' id='word_1_76' title='bbox 345 1101 433 1166; x_wconf 92' lang='lat' dir='ltr'><strong>libus</strong></span> <span class='ocrx_word' id='word_1_77' title='bbox 466 1103 524 1168; x_wconf 89' lang='lat' dir='ltr'><strong>sed</strong></span> <span class='ocrx_word' id='word_1_78' title='bbox 554 1125 614 1168; x_wconf 91' lang='lat' dir='ltr'><strong>uec</strong></span> <span class='ocrx_word' id='word_1_79' title='bbox 643 1104 719 1168; x_wconf 94' lang='lat' dir='ltr'><strong>hinc</strong></span> <span class='ocrx_word' id='word_1_80' title='bbox 749 1105 855 1168; x_wconf 90' lang='lat' dir='ltr'><strong>minus</strong></span> <span class='ocrx_word' id='word_1_81' title='bbox 893 1102 1019 1168; x_wconf 92' lang='lat' dir='ltr'><strong>lubrica</strong></span> <span class='ocrx_word' id='word_1_82' title='bbox 1048 1109 1081 1168; x_wconf 91' lang='lat' dir='ltr'><strong>et</strong></span> <span class='ocrx_word' id='word_1_83' title='bbox 1111 1103 1193 1168; x_wconf 86' lang='lat' dir='ltr'><strong>levis</strong></span> <span class='ocrx_word' id='word_1_84' title='bbox 1226 1124 1264 1168; x_wconf 92' lang='lat' dir='ltr'><strong>ac</strong></span> <span class='ocrx_word' id='word_1_85' title='bbox 1297 1103 1402 1168; x_wconf 89' lang='lat' dir='ltr'><strong>modis</strong></span> <span class='ocrx_word' id='word_1_86' title='bbox 1435 1104 1585 1169; x_wconf 90' lang='lat' dir='ltr'><strong>omnibus</strong></span> <span class='ocrx_word' id='word_1_87' title='bbox 1621 1104 1814 1170; x_wconf 85' lang='lat' dir='ltr'><strong>erotundata</strong></span> <span class='ocrx_word' id='word_1_88' title='bbox 1846 1126 1994 1190; x_wconf 89' lang='lat' dir='ltr'><strong>quaeque</strong></span> 
     </span>
     <span class='ocr_line' id='line_1_9' title="bbox 345 1206 1993 1297; baseline 0.002 -28"><span class='ocrx_word' id='word_1_89' title='bbox 345 1207 477 1271; x_wconf 89' lang='lat' dir='ltr'><strong>lectoris</strong></span> <span class='ocrx_word' id='word_1_90' title='bbox 511 1208 657 1293; x_wconf 87' lang='lat' dir='ltr'><strong>lingnam</strong></span> <span class='ocrx_word' id='word_1_91' title='bbox 692 1207 886 1271; x_wconf 86' lang='lat' dir='ltr'><strong>inoffensam</strong></span> <span class='ocrx_word' id='word_1_92' title='bbox 921 1206 1080 1272; x_wconf 89' lang='lat' dir='ltr'><strong>decenter</strong></span> <span class='ocrx_word' id='word_1_93' title='bbox 1114 1207 1281 1292; x_wconf 85' lang='lat' dir='ltr'><strong>expediat,</strong></span> <span class='ocrx_word' id='word_1_94' title='bbox 1316 1229 1357 1272; x_wconf 91' lang='lat' dir='ltr'><strong>ne</strong></span> <span class='ocrx_word' id='word_1_95' title='bbox 1390 1208 1577 1273; x_wconf 88' lang='lat' dir='ltr'><strong>salebrosas</strong></span> <span class='ocrx_word' id='word_1_96' title='bbox 1606 1229 1707 1294; x_wconf 91' lang='lat' dir='ltr'><strong>passa</strong></span> <span class='ocrx_word' id='word_1_97' title='bbox 1736 1209 1903 1274; x_wconf 90' lang='lat' dir='ltr'><strong>iuncturas</strong></span> <span class='ocrx_word' id='word_1_98' title='bbox 1934 1231 1993 1297; x_wconf 89' lang='lat' dir='ltr'><strong>per</strong></span> 
     </span>
     <span class='ocr_line' id='line_1_10' title="bbox 345 1309 1994 1397; baseline 0.002 -23"><span class='ocrx_word' id='word_1_99' title='bbox 345 1330 508 1375; x_wconf 89' lang='lat' dir='ltr'><strong>cameram</strong></span> <span class='ocrx_word' id='word_1_100' title='bbox 532 1312 635 1397; x_wconf 91' lang='lat' dir='ltr'><strong>palati</strong></span> <span class='ocrx_word' id='word_1_101' title='bbox 651 1312 800 1376; x_wconf 89' lang='lat' dir='ltr'><strong>volutata</strong></span> <span class='ocrx_word' id='word_1_102' title='bbox 822 1310 983 1375; x_wconf 91' lang='lat' dir='ltr'><strong>balbutiat</strong></span> <span class='ocrx_word' id='word_1_103' title='bbox 990 1333 997 1385; x_wconf 94' lang='lat'>;</span> <span class='ocrx_word' id='word_1_104' title='bbox 1021 1315 1090 1374; x_wconf 90' lang='lat' dir='ltr'><strong>tota</strong></span> <span class='ocrx_word' id='word_1_105' title='bbox 1113 1309 1253 1395; x_wconf 90' lang='lat' dir='ltr'><strong>denique</strong></span> <span class='ocrx_word' id='word_1_106' title='bbox 1276 1309 1400 1394; x_wconf 93' lang='lat' dir='ltr'><strong>liquida</strong></span> <span class='ocrx_word' id='word_1_107' title='bbox 1421 1331 1553 1397; x_wconf 91' lang='lat' dir='ltr'><strong>prorsus</strong></span> <span class='ocrx_word' id='word_1_108' title='bbox 1576 1318 1610 1375; x_wconf 92' lang='lat' dir='ltr'><strong>et</strong></span> <span class='ocrx_word' id='word_1_109' title='bbox 1632 1310 1774 1392; x_wconf 91' lang='lat' dir='ltr'><strong>ductilis,</strong></span> <span class='ocrx_word' id='word_1_110' title='bbox 1798 1311 1900 1377; x_wconf 81' lang='lat' dir='ltr'><strong>veluti</strong></span> <span class='ocrx_word' id='word_1_111' title='bbox 1920 1333 1994 1377; x_wconf 90' lang='lat' dir='ltr'><strong>cum</strong></span> 
     </span>
    </p>

    <p class='ocr_par' dir='ltr' id='par_1_4' title="bbox 295 1414 2045 1912">
     <span class='ocr_line' id='line_1_11' title="bbox 295 1414 1995 1502; baseline 0.002 -25"><span class='ocrx_word' id='word_1_112' title='bbox 295 1428 318 1464; x_wconf 87' lang='lat'><strong>¹⁰</strong></span> <span class='ocrx_word' id='word_1_113' title='bbox 345 1415 552 1499; x_wconf 88' lang='lat' dir='ltr'><strong>crystallinas</strong></span> <span class='ocrx_word' id='word_1_114' title='bbox 582 1422 706 1480; x_wconf 91' lang='lat' dir='ltr'><strong>crustas</strong></span> <span class='ocrx_word' id='word_1_115' title='bbox 734 1422 790 1480; x_wconf 90' lang='lat' dir='ltr'><strong>aut</strong></span> <span class='ocrx_word' id='word_1_116' title='bbox 818 1414 1022 1500; x_wconf 82' lang='lat' dir='ltr'><strong>onychitinas</strong></span> <span class='ocrx_word' id='word_1_117' title='bbox 1048 1435 1113 1479; x_wconf 94' lang='lat' dir='ltr'><strong>non</strong></span> <span class='ocrx_word' id='word_1_118' title='bbox 1141 1415 1283 1501; x_wconf 89' lang='lat' dir='ltr'><strong>impacto</strong></span> <span class='ocrx_word' id='word_1_119' title='bbox 1313 1414 1435 1500; x_wconf 89' lang='lat' dir='ltr'><strong>digitus</strong></span> <span class='ocrx_word' id='word_1_120' title='bbox 1461 1432 1570 1499; x_wconf 92' lang='lat' dir='ltr'><strong>ungue</strong></span> <span class='ocrx_word' id='word_1_121' title='bbox 1597 1414 1794 1500; x_wconf 88' lang='lat' dir='ltr'><strong>perlabitur,</strong></span> <span class='ocrx_word' id='word_1_122' title='bbox 1823 1416 1944 1502; x_wconf 93' lang='lat' dir='ltr'><strong>quippe</strong></span> <span class='ocrx_word' id='word_1_123' title='bbox 1967 1416 1995 1480; x_wconf 91' lang='lat' dir='ltr'><strong>si</strong></span> 
     </span>
     <span class='ocr_line' id='line_1_12' title="bbox 344 1517 2045 1605; baseline 0.002 -25"><span class='ocrx_word' id='word_1_124' title='bbox 344 1517 427 1583; x_wconf 89' lang='lat' dir='ltr'><strong>nihil</strong></span> <span class='ocrx_word' id='word_1_125' title='bbox 460 1540 536 1583; x_wconf 90' lang='lat' dir='ltr'><strong>eum</strong></span> <span class='ocrx_word' id='word_1_126' title='bbox 569 1520 698 1583; x_wconf 87' lang='lat' dir='ltr'><strong>rimosis</strong></span> <span class='ocrx_word' id='word_1_127' title='bbox 729 1518 878 1583; x_wconf 87' lang='lat' dir='ltr'><strong>obicibus</strong></span> <span class='ocrx_word' id='word_1_128' title='bbox 914 1525 1090 1604; x_wconf 83' lang='lat' dir='ltr'><strong>exceptum</strong></span> <span class='ocrx_word' id='word_1_129' title='bbox 1119 1526 1220 1584; x_wconf 86' lang='lat' dir='ltr'><strong>tenax</strong></span> <span class='ocrx_word' id='word_1_130' title='bbox 1251 1518 1395 1584; x_wconf 90' lang='lat' dir='ltr'><strong>fractura</strong></span> <span class='ocrx_word' id='word_1_131' title='bbox 1428 1524 1621 1583; x_wconf 89' lang='lat' dir='ltr'><strong>remoretur.</strong></span> <span class='ocrx_word' id='word_1_132' title='bbox 1665 1517 1741 1602; x_wconf 90' lang='lat' dir='ltr'><strong>quid</strong></span> <span class='ocrx_word' id='word_1_133' title='bbox 1770 1519 1885 1605; x_wconf 77' lang='lat' dir='ltr'><strong>plura?</strong></span> <span class='ocrx_word' id='word_1_134' title='bbox 1929 1540 1994 1583; x_wconf 93' lang='lat' dir='ltr'><strong>non</strong></span> <span class='ocrx_word' id='word_1_135' title='bbox 2025 1524 2045 1584; x_wconf 81' lang='lat'>4</span> 
     </span>
     <span class='ocr_line' id='line_1_13' title="bbox 344 1619 1995 1708; baseline 0.001 -23"><span class='ocrx_word' id='word_1_136' title='bbox 344 1627 438 1686; x_wconf 83' lang='lat' dir='ltr'><strong>extat</strong></span> <span class='ocrx_word' id='word_1_137' title='bbox 464 1619 504 1684; x_wconf 91' lang='lat' dir='ltr'><strong>ad</strong></span> <span class='ocrx_word' id='word_1_138' title='bbox 536 1642 693 1706; x_wconf 89' lang='lat' dir='ltr'><strong>praesens</strong></span> <span class='ocrx_word' id='word_1_139' title='bbox 717 1620 782 1683; x_wconf 89' lang='lat' dir='ltr'><strong>vivi</strong></span> <span class='ocrx_word' id='word_1_140' title='bbox 813 1619 952 1683; x_wconf 89' lang='lat' dir='ltr'><strong>hominis</strong></span> <span class='ocrx_word' id='word_1_141' title='bbox 976 1620 1095 1702; x_wconf 90' lang='lat' dir='ltr'><strong>oratio,</strong></span> <span class='ocrx_word' id='word_1_142' title='bbox 1126 1641 1223 1706; x_wconf 91' lang='lat' dir='ltr'><strong>quam</strong></span> <span class='ocrx_word' id='word_1_143' title='bbox 1251 1621 1407 1707; x_wconf 89' lang='lat' dir='ltr'><strong>peritiat</strong></span> <span class='ocrx_word' id='word_1_144' title='bbox 1408 1643 1451 1685; x_wconf 91' lang='lat' dir='ltr'><strong>ua</strong></span> <span class='ocrx_word' id='word_1_145' title='bbox 1478 1641 1544 1685; x_wconf 93' lang='lat' dir='ltr'><strong>non</strong></span> <span class='ocrx_word' id='word_1_146' title='bbox 1574 1621 1644 1686; x_wconf 91' lang='lat' dir='ltr'><strong>sine</strong></span> <span class='ocrx_word' id='word_1_147' title='bbox 1676 1622 1788 1687; x_wconf 91' lang='lat' dir='ltr'><strong>labore</strong></span> <span class='ocrx_word' id='word_1_148' title='bbox 1811 1622 1995 1708; x_wconf 85' lang='lat' dir='ltr'><strong>transgredi</strong></span> 
     </span>
     <span class='ocr_line' id='line_1_14' title="bbox 341 1722 1994 1839; baseline 0.002 -52"><span class='ocrx_word' id='word_1_149' title='bbox 341 1731 440 1807; x_wconf 86' lang='lat' dir='ltr'><strong>queat</strong></span> <span class='ocrx_word' id='word_1_150' title='bbox 473 1746 511 1789; x_wconf 91' lang='lat' dir='ltr'><strong>ac</strong></span> <span class='ocrx_word' id='word_1_151' title='bbox 547 1723 780 1809; x_wconf 87' lang='lat' dir='ltr'><strong>supervadere.</strong></span> <span class='ocrx_word' id='word_1_152' title='bbox 832 1722 918 1788; x_wconf 90' lang='lat' dir='ltr'><strong>unde</strong></span> <span class='ocrx_word' id='word_1_153' title='bbox 952 1729 986 1787; x_wconf 88' lang='lat' dir='ltr'><strong>et</strong></span> <span class='ocrx_word' id='word_1_154' title='bbox 1020 1743 1122 1839; x_wconf 90' lang='lat' dir='ltr'><strong>prope</strong></span> <span class='ocrx_word' id='word_1_155' title='bbox 1158 1723 1317 1808; x_wconf 90' lang='lat' dir='ltr'><strong>suspicor,</strong></span> <span class='ocrx_word' id='word_1_156' title='bbox 1356 1723 1487 1789; x_wconf 91' lang='lat' dir='ltr'><strong>domine</strong></span> <span class='ocrx_word' id='word_1_157' title='bbox 1520 1745 1620 1811; x_wconf 91' lang='lat' dir='ltr'><strong>papa,</strong></span> <span class='ocrx_word' id='word_1_158' title='bbox 1658 1733 1794 1811; x_wconf 90' lang='lat' dir='ltr'><strong>propter</strong></span> <span class='ocrx_word' id='word_1_159' title='bbox 1829 1727 1994 1811; x_wconf 90' lang='lat' dir='ltr'><strong>eloquium</strong></span> 
     </span>
     <span class='ocr_line' id='line_1_15' title="bbox 343 1804 1994 1912; baseline 0.002 -23"><span class='ocrx_word' id='word_1_160' title='bbox 343 1825 514 1890; x_wconf 84' lang='lat' dir='ltr'><strong>exundans</strong></span> <span class='ocrx_word' id='word_1_161' title='bbox 544 1833 642 1912; x_wconf 92' lang='lat' dir='ltr'><strong>atquc</strong></span> <span class='ocrx_word' id='word_1_162' title='bbox 671 1825 838 1890; x_wconf 86' lang='lat' dir='ltr'><strong>ineffabile</strong></span> <span class='ocrx_word' id='word_1_163' title='bbox 867 1825 979 1909; x_wconf 84' lang='lat' dir='ltr'><strong>(venia</strong></span> <span class='ocrx_word' id='word_1_164' title='bbox 1007 1826 1049 1888; x_wconf 92' lang='lat' dir='ltr'><strong>sit</strong></span> <span class='ocrx_word' id='word_1_165' title='bbox 1079 1823 1181 1910; x_wconf 90' lang='lat' dir='ltr'><strong>dioto)</strong></span> <span class='ocrx_word' id='word_1_166' title='bbox 1212 1832 1245 1890; x_wconf 89' lang='lat' dir='ltr'><strong>te</strong></span> <span class='ocrx_word' id='word_1_167' title='bbox 1276 1804 1457 1912; x_wconf 82' lang='lat' dir='ltr'><strong>superbire.</strong></span> <span class='ocrx_word' id='word_1_168' title='bbox 1503 1827 1561 1891; x_wconf 90' lang='lat' dir='ltr'><strong>sed</strong></span> <span class='ocrx_word' id='word_1_169' title='bbox 1590 1829 1668 1893; x_wconf 90' lang='lat' dir='ltr'><strong>licet</strong></span> <span class='ocrx_word' id='word_1_170' title='bbox 1697 1828 1782 1893; x_wconf 92' lang='lat' dir='ltr'><strong>bono</strong></span> <span class='ocrx_word' id='word_1_171' title='bbox 1804 1827 1934 1912; x_wconf 86' lang='lat' dir='ltr'><strong>fulgeas</strong></span> <span class='ocrx_word' id='word_1_172' title='bbox 1957 1835 1994 1893; x_wconf 93' lang='lat' dir='ltr'><strong>ut</strong></span> 
     </span>
    </p>

    <p class='ocr_par' dir='ltr' id='par_1_5' title="bbox 293 1928 2043 2409">
     <span class='ocr_line' id='line_1_16' title="bbox 293 1928 1993 2019; baseline 0.003 -28"><span class='ocrx_word' id='word_1_173' title='bbox 293 1942 315 1978; x_wconf 79' lang='grc'><strong>55</strong></span> <span class='ocrx_word' id='word_1_174' title='bbox 342 1929 562 1994; x_wconf 91' lang='lat' dir='ltr'><strong>conscientiae</strong></span> <span class='ocrx_word' id='word_1_175' title='bbox 587 1930 634 1994; x_wconf 92' lang='lat' dir='ltr'><strong>sic</strong></span> <span class='ocrx_word' id='word_1_176' title='bbox 658 1928 810 1993; x_wconf 81' lang='lat' dir='ltr'><strong>dictionis</strong></span> <span class='ocrx_word' id='word_1_177' title='bbox 833 1929 1106 2009; x_wconf 88' lang='lat' dir='ltr'><strong>ordinatissimae,</strong></span> <span class='ocrx_word' id='word_1_178' title='bbox 1130 1950 1189 1994; x_wconf 90' lang='lat' dir='ltr'><strong>nos</strong></span> <span class='ocrx_word' id='word_1_179' title='bbox 1212 1930 1272 1994; x_wconf 91' lang='lat' dir='ltr'><strong>tibi</strong></span> <span class='ocrx_word' id='word_1_180' title='bbox 1294 1937 1406 1995; x_wconf 90' lang='lat' dir='ltr'><strong>tamen</strong></span> <span class='ocrx_word' id='word_1_181' title='bbox 1428 1931 1561 1995; x_wconf 90' lang='lat' dir='ltr'><strong>minime</strong></span> <span class='ocrx_word' id='word_1_182' title='bbox 1585 1952 1697 1997; x_wconf 90' lang='lat' dir='ltr'><strong>sumus</strong></span> <span class='ocrx_word' id='word_1_183' title='bbox 1720 1931 1914 2017; x_wconf 87' lang='lat' dir='ltr'><strong>refugiendi,</strong></span> <span class='ocrx_word' id='word_1_184' title='bbox 1938 1933 1993 2019; x_wconf 94' lang='lat' dir='ltr'><strong>qui</strong></span> 
     </span>
     <span class='ocr_line' id='line_1_17' title="bbox 342 2031 2043 2122; baseline 0.001 -26"><span class='ocrx_word' id='word_1_185' title='bbox 342 2032 428 2098; x_wconf 91' lang='lat' dir='ltr'><strong>beue</strong></span> <span class='ocrx_word' id='word_1_186' title='bbox 458 2033 581 2117; x_wconf 91' lang='lat' dir='ltr'><strong>scripta</strong></span> <span class='ocrx_word' id='word_1_187' title='bbox 610 2032 798 2113; x_wconf 90' lang='lat' dir='ltr'><strong>laudamus,</strong></span> <span class='ocrx_word' id='word_1_188' title='bbox 828 2034 890 2097; x_wconf 92' lang='lat' dir='ltr'><strong>etsi</strong></span> <span class='ocrx_word' id='word_1_189' title='bbox 920 2031 1085 2098; x_wconf 91' lang='lat' dir='ltr'><strong>laudanda</strong></span> <span class='ocrx_word' id='word_1_190' title='bbox 1112 2054 1177 2097; x_wconf 91' lang='lat' dir='ltr'><strong>uon</strong></span> <span class='ocrx_word' id='word_1_191' title='bbox 1208 2033 1390 2098; x_wconf 85' lang='lat' dir='ltr'><strong>scribimus.</strong></span> <span class='ocrx_word' id='word_1_192' title='bbox 1436 2036 1589 2120; x_wconf 87' lang='lat' dir='ltr'><strong>quocirca</strong></span> <span class='ocrx_word' id='word_1_193' title='bbox 1619 2034 1732 2102; x_wconf 90' lang='lat' dir='ltr'><strong>desine</strong></span> <span class='ocrx_word' id='word_1_194' title='bbox 1763 2036 1795 2100; x_wconf 94' lang='lat' dir='ltr'><strong>iu</strong></span> <span class='ocrx_word' id='word_1_195' title='bbox 1825 2046 1992 2122; x_wconf 88' lang='lat' dir='ltr'><strong>posterum</strong></span> <span class='ocrx_word' id='word_1_196' title='bbox 2024 2039 2043 2097; x_wconf 83' lang='lat'>5</span> 
     </span>
     <span class='ocr_line' id='line_1_18' title="bbox 339 2134 1991 2222; baseline 0.001 -23"><span class='ocrx_word' id='word_1_197' title='bbox 339 2143 453 2201; x_wconf 90' lang='lat' dir='ltr'><strong>nostra</strong></span> <span class='ocrx_word' id='word_1_198' title='bbox 484 2136 649 2200; x_wconf 88' lang='lat' dir='ltr'><strong>declinare</strong></span> <span class='ocrx_word' id='word_1_199' title='bbox 682 2136 815 2216; x_wconf 91' lang='lat' dir='ltr'><strong>iudicia,</strong></span> <span class='ocrx_word' id='word_1_200' title='bbox 851 2156 935 2220; x_wconf 90' lang='lat' dir='ltr'><strong>quae</strong></span> <span class='ocrx_word' id='word_1_201' title='bbox 970 2135 1051 2199; x_wconf 91' lang='lat' dir='ltr'><strong>nihil</strong></span> <span class='ocrx_word' id='word_1_202' title='bbox 1084 2134 1222 2199; x_wconf 84' lang='lat' dir='ltr'><strong>mordax</strong></span> <span class='ocrx_word' id='word_1_203' title='bbox 1255 2136 1336 2200; x_wconf 92' lang='lat' dir='ltr'><strong>nihil</strong></span> <span class='ocrx_word' id='word_1_204' title='bbox 1369 2156 1498 2221; x_wconf 90' lang='lat' dir='ltr'><strong>quoque</strong></span> <span class='ocrx_word' id='word_1_205' title='bbox 1531 2137 1695 2202; x_wconf 90' lang='lat' dir='ltr'><strong>minantur</strong></span> <span class='ocrx_word' id='word_1_206' title='bbox 1727 2135 1991 2222; x_wconf 89' lang='lat' dir='ltr'><strong>increpatorium.</strong></span> 
     </span>
     <span class='ocr_line' id='line_1_19' title="bbox 341 2237 1992 2327; baseline 0.001 -23"><span class='ocrx_word' id='word_1_207' title='bbox 341 2241 501 2327; x_wconf 91' lang='lat' dir='ltr'><strong>alioquin,</strong></span> <span class='ocrx_word' id='word_1_208' title='bbox 531 2242 559 2305; x_wconf 91' lang='lat' dir='ltr'><strong>si</strong></span> <span class='ocrx_word' id='word_1_209' title='bbox 582 2241 748 2306; x_wconf 88' lang='lat' dir='ltr'><strong>distuleris</strong></span> <span class='ocrx_word' id='word_1_210' title='bbox 771 2246 915 2304; x_wconf 90' lang='lat' dir='ltr'><strong>nostram</strong></span> <span class='ocrx_word' id='word_1_211' title='bbox 940 2239 1148 2303; x_wconf 89' lang='lat' dir='ltr'><strong>sterilitatem</strong></span> <span class='ocrx_word' id='word_1_212' title='bbox 1170 2237 1317 2303; x_wconf 88' lang='lat' dir='ltr'><strong>facundis</strong></span> <span class='ocrx_word' id='word_1_213' title='bbox 1339 2239 1517 2304; x_wconf 89' lang='lat' dir='ltr'><strong>fecundare</strong></span> <span class='ocrx_word' id='word_1_214' title='bbox 1541 2240 1728 2325; x_wconf 88' lang='lat' dir='ltr'><strong>colloquiis,</strong></span> <span class='ocrx_word' id='word_1_215' title='bbox 1756 2240 1992 2327; x_wconf 90' lang='lat' dir='ltr'><strong>aucupabimus</strong></span> 
     </span>
     <span class='ocr_line' id='line_1_20' title="bbox 342 2342 1991 2409; baseline 0.001 -2"><span class='ocrx_word' id='word_1_216' title='bbox 342 2344 504 2409; x_wconf 90' lang='lat' dir='ltr'><strong>nundinas</strong></span> <span class='ocrx_word' id='word_1_217' title='bbox 520 2344 722 2408; x_wconf 82' lang='lat' dir='ltr'><strong>involantum</strong></span> <span class='ocrx_word' id='word_1_218' title='bbox 739 2351 772 2409; x_wconf 92' lang='lat' dir='ltr'><strong>ct</strong></span> <span class='ocrx_word' id='word_1_219' title='bbox 788 2344 873 2408; x_wconf 90' lang='lat' dir='ltr'><strong>ultro</strong></span> <span class='ocrx_word' id='word_1_220' title='bbox 891 2342 1012 2406; x_wconf 88' lang='lat' dir='ltr'><strong>scrinia</strong></span> <span class='ocrx_word' id='word_1_221' title='bbox 1028 2347 1085 2405; x_wconf 92' lang='lat' dir='ltr'><strong>tua</strong></span> <span class='ocrx_word' id='word_1_222' title='bbox 1101 2342 1330 2408; x_wconf 86' lang='lat' dir='ltr'><strong>coniventibus</strong></span> <span class='ocrx_word' id='word_1_223' title='bbox 1346 2343 1442 2407; x_wconf 91' lang='lat' dir='ltr'><strong>nobis</strong></span> <span class='ocrx_word' id='word_1_224' title='bbox 1459 2364 1497 2407; x_wconf 91' lang='lat' dir='ltr'><strong>ao</strong></span> <span class='ocrx_word' id='word_1_225' title='bbox 1514 2342 1766 2409; x_wconf 89' lang='lat' dir='ltr'><strong>subornantibus</strong></span> <span class='ocrx_word' id='word_1_226' title='bbox 1783 2344 1991 2409; x_wconf 83' lang='lat' dir='ltr'><strong>effractorum</strong></span> 
     </span>
    </p>

    <p class='ocr_par' dir='ltr' id='par_1_6' title="bbox 290 2446 1989 2640">
     <span class='ocr_line' id='line_1_21' title="bbox 290 2446 1989 2534; baseline 0.001 -23"><span class='ocrx_word' id='word_1_227' title='bbox 290 2460 315 2498; x_wconf 78' lang='lat'><strong>&#39;2⁰</strong></span> <span class='ocrx_word' id='word_1_228' title='bbox 339 2468 456 2511; x_wconf 90' lang='lat' dir='ltr'><strong>manus</strong></span> <span class='ocrx_word' id='word_1_229' title='bbox 483 2455 600 2532; x_wconf 88' lang='lat' dir='ltr'><strong>arguta</strong></span> <span class='ocrx_word' id='word_1_230' title='bbox 630 2448 841 2534; x_wconf 86' lang='lat' dir='ltr'><strong>populabitur</strong></span> <span class='ocrx_word' id='word_1_231' title='bbox 867 2446 1102 2531; x_wconf 89' lang='lat' dir='ltr'><strong>inchoabisque</strong></span> <span class='ocrx_word' id='word_1_232' title='bbox 1130 2453 1206 2510; x_wconf 91' lang='lat' dir='ltr'><strong>tunc</strong></span> <span class='ocrx_word' id='word_1_233' title='bbox 1234 2446 1352 2510; x_wconf 90' lang='lat' dir='ltr'><strong>frustra</strong></span> <span class='ocrx_word' id='word_1_234' title='bbox 1381 2446 1506 2510; x_wconf 88' lang='lat' dir='ltr'><strong>moveri</strong></span> <span class='ocrx_word' id='word_1_235' title='bbox 1534 2446 1692 2531; x_wconf 88' lang='lat' dir='ltr'><strong>spoliatus</strong></span> <span class='ocrx_word' id='word_1_236' title='bbox 1720 2446 1825 2521; x_wconf 90' lang='lat' dir='ltr'><strong>furto,</strong></span> <span class='ocrx_word' id='word_1_237' title='bbox 1854 2448 1880 2512; x_wconf 89' lang='lat' dir='ltr'><strong>si</strong></span> <span class='ocrx_word' id='word_1_238' title='bbox 1904 2469 1989 2512; x_wconf 93' lang='lat' dir='ltr'><strong>nunc</strong></span> 
     </span>
     <span class='ocr_line' id='line_1_22' title="bbox 340 2550 1703 2640; baseline 0.005 -28"><span class='ocrx_word' id='word_1_239' title='bbox 340 2555 474 2634; x_wconf 88' lang='lat' dir='ltr'><strong>rogatus</strong></span> <span class='ocrx_word' id='word_1_240' title='bbox 498 2571 562 2613; x_wconf 90' lang='lat' dir='ltr'><strong>uon</strong></span> <span class='ocrx_word' id='word_1_241' title='bbox 587 2550 727 2615; x_wconf 86' lang='lat' dir='ltr'><strong>moveris</strong></span> <span class='ocrx_word' id='word_1_242' title='bbox 751 2550 869 2616; x_wconf 85' lang='lat' dir='ltr'><strong>officio.</strong></span> <span class='ocrx_word' id='word_1_243' title='bbox 914 2573 1038 2616; x_wconf 89' lang='lat' dir='ltr'><strong>memor</strong></span> <span class='ocrx_word' id='word_1_244' title='bbox 1060 2553 1162 2616; x_wconf 89' lang='lat' dir='ltr'><strong>nostri</strong></span> <span class='ocrx_word' id='word_1_245' title='bbox 1185 2574 1259 2618; x_wconf 90' lang='lat' dir='ltr'><strong>esse</strong></span> <span class='ocrx_word' id='word_1_246' title='bbox 1283 2551 1431 2637; x_wconf 90' lang='lat' dir='ltr'><strong>dignare,</strong></span> <span class='ocrx_word' id='word_1_247' title='bbox 1455 2553 1584 2618; x_wconf 84' lang='lat' dir='ltr'><strong>donune</strong></span> <span class='ocrx_word' id='word_1_248' title='bbox 1607 2574 1703 2640; x_wconf 91' lang='lat' dir='ltr'><strong>papa.</strong></span> 
     </span>
    </p>
   </div>
   <div class='ocr_carea' id='block_1_3' title="bbox 1118 2841 1212 2908">
    <p class='ocr_par' dir='ltr' id='par_1_7' title="bbox 1118 2841 1212 2908">
     <span class='ocr_line' id='line_1_23' title="bbox 1118 2841 1212 2908; baseline 0.011 -1"><span class='ocrx_word' id='word_1_249' title='bbox 1118 2841 1212 2908; x_wconf 85' lang='lat' dir='ltr'>VIII.</span> 
     </span>
    </p>
   </div>
   <div class='ocr_carea' id='block_1_4' title="bbox 620 2977 1711 3048">
    <p class='ocr_par' dir='ltr' id='par_1_8' title="bbox 620 2977 1711 3048">
     <span class='ocr_line' id='line_1_24' title="bbox 620 2977 1711 3048; baseline 0.005 -7"><span class='ocrx_word' id='word_1_250' title='bbox 620 2977 833 3044; x_wconf 81' lang='lat' dir='ltr'>SIDONIUS</span> <span class='ocrx_word' id='word_1_251' title='bbox 855 2979 1034 3045; x_wconf 88' lang='lat' dir='ltr'><strong>DOMINO</strong></span> <span class='ocrx_word' id='word_1_252' title='bbox 1058 2980 1208 3046; x_wconf 80' lang='lat' dir='ltr'>PAPAE</span> <span class='ocrx_word' id='word_1_253' title='bbox 1231 2980 1463 3047; x_wconf 79' lang='lat' dir='ltr'>PRINCIPIO</span> <span class='ocrx_word' id='word_1_254' title='bbox 1488 2981 1711 3048; x_wconf 83' lang='lat' dir='ltr'><strong>SALUTEM.</strong></span> 
     </span>
    </p>
   </div>
   <div class='ocr_carea' id='block_1_5' title="bbox 284 3076 2040 4027">
    <p class='ocr_par' dir='ltr' id='par_1_9' title="bbox 286 3076 2036 3404">
     <span class='ocr_line' id='line_1_25' title="bbox 446 3076 2036 3195; baseline 0.001 -23"><span class='ocrx_word' id='word_1_255' title='bbox 446 3076 637 3185; x_wconf 71' lang='lat' dir='ltr'><strong>annonm</strong></span> <span class='ocrx_word' id='word_1_256' title='bbox 666 3106 761 3170; x_wconf 90' lang='lat' dir='ltr'><strong>nobis</strong></span> <span class='ocrx_word' id='word_1_257' title='bbox 790 3129 855 3170; x_wconf 94' lang='lat' dir='ltr'><strong>non</strong></span> <span class='ocrx_word' id='word_1_258' title='bbox 886 3108 1107 3195; x_wconf 88' lang='lat' dir='ltr'><strong>opinantibus,</strong></span> <span class='ocrx_word' id='word_1_259' title='bbox 1141 3108 1402 3175; x_wconf 88' lang='lat' dir='ltr'><strong>desiderantibus</strong></span> <span class='ocrx_word' id='word_1_260' title='bbox 1436 3118 1546 3176; x_wconf 90' lang='lat' dir='ltr'><strong>tamen</strong></span> <span class='ocrx_word' id='word_1_261' title='bbox 1580 3112 1705 3176; x_wconf 90' lang='lat' dir='ltr'><strong>litteras</strong></span> <span class='ocrx_word' id='word_1_262' title='bbox 1740 3118 1814 3176; x_wconf 88' lang='lat' dir='ltr'><strong>tuas</strong></span> <span class='ocrx_word' id='word_1_263' title='bbox 1848 3110 1988 3176; x_wconf 92' lang='lat' dir='ltr'><strong>reddidit</strong></span> <span class='ocrx_word' id='word_1_264' title='bbox 2023 3115 2036 3173; x_wconf 92' lang='lat' dir='ltr'><strong>l</strong></span> 
     </span>
     <span class='ocr_line' id='line_1_26' title="bbox 338 3209 1987 3301; baseline 0.002 -25"><span class='ocrx_word' id='word_1_265' title='bbox 338 3213 472 3297; x_wconf 89' lang='lat' dir='ltr'><strong>gerulus</strong></span> <span class='ocrx_word' id='word_1_266' title='bbox 495 3212 664 3296; x_wconf 85' lang='lat' dir='ltr'><strong>antiquus,</strong></span> <span class='ocrx_word' id='word_1_267' title='bbox 692 3209 827 3274; x_wconf 89' lang='lat' dir='ltr'><strong>idoneus</strong></span> <span class='ocrx_word' id='word_1_268' title='bbox 850 3212 1018 3293; x_wconf 86' lang='lat' dir='ltr'><strong>inventus,</strong></span> <span class='ocrx_word' id='word_1_269' title='bbox 1048 3213 1099 3276; x_wconf 90' lang='lat' dir='ltr'><strong>cui</strong></span> <span class='ocrx_word' id='word_1_270' title='bbox 1122 3213 1193 3279; x_wconf 95' lang='lat' dir='ltr'><strong>iure</strong></span> <span class='ocrx_word' id='word_1_271' title='bbox 1216 3214 1359 3301; x_wconf 90' lang='lat' dir='ltr'><strong>repetita</strong></span> <span class='ocrx_word' id='word_1_272' title='bbox 1382 3214 1556 3280; x_wconf 91' lang='lat' dir='ltr'><strong>credantur</strong></span> <span class='ocrx_word' id='word_1_273' title='bbox 1578 3215 1699 3294; x_wconf 88' lang='lat' dir='ltr'><strong>officia,</strong></span> <span class='ocrx_word' id='word_1_274' title='bbox 1723 3213 1987 3300; x_wconf 91' lang='lat' dir='ltr'><strong>quandoquidem</strong></span> 
     </span>
     <span class='ocr_line' id='line_1_27' title="bbox 286 3313 1987 3404; baseline 0.003 -26"><span class='ocrx_word' id='word_1_275' title='bbox 286 3328 311 3366; x_wconf 75' lang='lat'><strong>2³</strong></span> <span class='ocrx_word' id='word_1_276' title='bbox 339 3316 443 3400; x_wconf 90' lang='lat' dir='ltr'><strong>prima</strong></span> <span class='ocrx_word' id='word_1_277' title='bbox 471 3315 517 3378; x_wconf 87' lang='lat' dir='ltr'><strong>sic</strong></span> <span class='ocrx_word' id='word_1_278' title='bbox 545 3313 670 3379; x_wconf 91' lang='lat' dir='ltr'><strong>detulit.</strong></span> <span class='ocrx_word' id='word_1_279' title='bbox 716 3314 817 3398; x_wconf 89' lang='lat' dir='ltr'><strong>igitur</strong></span> <span class='ocrx_word' id='word_1_280' title='bbox 846 3315 948 3380; x_wconf 82' lang='lat' dir='ltr'><strong>affatu</strong></span> <span class='ocrx_word' id='word_1_281' title='bbox 971 3315 1115 3381; x_wconf 90' lang='lat' dir='ltr'><strong>secundo</strong></span> <span class='ocrx_word' id='word_1_282' title='bbox 1138 3317 1192 3382; x_wconf 82' lang='lat' dir='ltr'><strong>vel</strong></span> <span class='ocrx_word' id='word_1_283' title='bbox 1216 3319 1324 3404; x_wconf 91' lang='lat' dir='ltr'><strong>potius</strong></span> <span class='ocrx_word' id='word_1_284' title='bbox 1347 3318 1577 3383; x_wconf 89' lang='lat' dir='ltr'><strong>benedictione</strong></span> <span class='ocrx_word' id='word_1_285' title='bbox 1600 3318 1740 3382; x_wconf 91' lang='lat' dir='ltr'><strong>donatus</strong></span> <span class='ocrx_word' id='word_1_286' title='bbox 1763 3317 1835 3403; x_wconf 90' lang='lat' dir='ltr'><strong>ipse</strong></span> <span class='ocrx_word' id='word_1_287' title='bbox 1857 3339 1987 3404; x_wconf 90' lang='lat' dir='ltr'><strong>quoque</strong></span> 
     </span>
    </p>

    <p class='ocr_par' dir='ltr' id='par_1_10' title="bbox 284 3417 2040 4027">
     <span class='ocr_line' id='line_1_28' title="bbox 338 3417 2040 3507; baseline 0.002 -25"><span class='ocrx_word' id='word_1_288' title='bbox 338 3417 482 3505; x_wconf 90' lang='lat' dir='ltr'><strong>rependo</strong></span> <span class='ocrx_word' id='word_1_289' title='bbox 510 3420 649 3483; x_wconf 90' lang='lat' dir='ltr'><strong>alterum</strong></span> <span class='ocrx_word' id='word_1_290' title='bbox 678 3420 781 3499; x_wconf 82' lang='lat' dir='ltr'><strong>salve,</strong></span> <span class='ocrx_word' id='word_1_291' title='bbox 810 3419 969 3503; x_wconf 90' lang='lat' dir='ltr'><strong>obsequia</strong></span> <span class='ocrx_word' id='word_1_292' title='bbox 998 3421 1189 3485; x_wconf 89' lang='lat' dir='ltr'><strong>combinans</strong></span> <span class='ocrx_word' id='word_1_293' title='bbox 1218 3422 1362 3487; x_wconf 91' lang='lat' dir='ltr'><strong>numeris</strong></span> <span class='ocrx_word' id='word_1_294' title='bbox 1393 3426 1549 3507; x_wconf 89' lang='lat' dir='ltr'><strong>aequata,</strong></span> <span class='ocrx_word' id='word_1_295' title='bbox 1578 3441 1642 3485; x_wconf 92' lang='lat' dir='ltr'><strong>non</strong></span> <span class='ocrx_word' id='word_1_296' title='bbox 1664 3421 1801 3485; x_wconf 89' lang='lat' dir='ltr'><strong>meritis.</strong></span> <span class='ocrx_word' id='word_1_297' title='bbox 1847 3427 1881 3485; x_wconf 88' lang='lat' dir='ltr'><strong>et</strong></span> <span class='ocrx_word' id='word_1_298' title='bbox 1903 3421 1990 3505; x_wconf 92' lang='lat' dir='ltr'><strong>quia,</strong></span> <span class='ocrx_word' id='word_1_299' title='bbox 2020 3423 2040 3485; x_wconf 84' lang='lat'>2</span> 
     </span>
     <span class='ocr_line' id='line_1_29' title="bbox 339 3520 1989 3611; baseline 0.001 -25"><span class='ocrx_word' id='word_1_300' title='bbox 339 3521 469 3586; x_wconf 91' lang='lat' dir='ltr'><strong>domine</strong></span> <span class='ocrx_word' id='word_1_301' title='bbox 497 3543 598 3608; x_wconf 89' lang='lat' dir='ltr'><strong>papa,</strong></span> <span class='ocrx_word' id='word_1_302' title='bbox 627 3520 725 3586; x_wconf 91' lang='lat' dir='ltr'><strong>modo</strong></span> <span class='ocrx_word' id='word_1_303' title='bbox 749 3522 887 3587; x_wconf 86' lang='lat' dir='ltr'><strong>vivimus</strong></span> <span class='ocrx_word' id='word_1_304' title='bbox 912 3523 1054 3608; x_wconf 88' lang='lat' dir='ltr'><strong>(animis)</strong></span> <span class='ocrx_word' id='word_1_305' title='bbox 1079 3526 1198 3590; x_wconf 90' lang='lat' dir='ltr'><strong>iunctis</strong></span> <span class='ocrx_word' id='word_1_306' title='bbox 1226 3526 1454 3611; x_wconf 88' lang='lat' dir='ltr'><strong>abiunctisque</strong></span> <span class='ocrx_word' id='word_1_307' title='bbox 1479 3523 1669 3610; x_wconf 89' lang='lat' dir='ltr'><strong>regionibus</strong></span> <span class='ocrx_word' id='word_1_308' title='bbox 1692 3523 1989 3610; x_wconf 88' lang='lat' dir='ltr'><strong>conspectibusque</strong></span> 
     </span>
     <span class='ocr_line' id='line_1_30' title="bbox 336 3623 1987 3713; baseline 0.001 -25"><span class='ocrx_word' id='word_1_309' title='bbox 336 3626 470 3711; x_wconf 48' lang='lat' dir='ltr'><strong>mutuis⁸</strong></span> <span class='ocrx_word' id='word_1_310' title='bbox 489 3625 553 3689; x_wconf 85' lang='lat' dir='ltr'><strong>frui</strong></span> <span class='ocrx_word' id='word_1_311' title='bbox 587 3623 783 3689; x_wconf 86' lang='lat' dir='ltr'><strong>dissociatae</strong></span> <span class='ocrx_word' id='word_1_312' title='bbox 816 3626 880 3689; x_wconf 90' lang='lat' dir='ltr'><strong>situ</strong></span> <span class='ocrx_word' id='word_1_313' title='bbox 914 3627 1125 3694; x_wconf 88' lang='lat' dir='ltr'><strong>habitationis</strong></span> <span class='ocrx_word' id='word_1_314' title='bbox 1159 3629 1354 3709; x_wconf 88' lang='lat' dir='ltr'><strong>inhibemur,</strong></span> <span class='ocrx_word' id='word_1_315' title='bbox 1389 3635 1495 3709; x_wconf 88' lang='lat' dir='ltr'><strong>orate,</strong></span> <span class='ocrx_word' id='word_1_316' title='bbox 1529 3634 1566 3692; x_wconf 92' lang='lat' dir='ltr'><strong>ut</strong></span> <span class='ocrx_word' id='word_1_317' title='bbox 1599 3627 1732 3713; x_wconf 89' lang='lat' dir='ltr'><strong>optabili</strong></span> <span class='ocrx_word' id='word_1_318' title='bbox 1766 3628 1987 3712; x_wconf 90' lang='lat' dir='ltr'><strong>religiosoque</strong></span> 
     </span>
     <span class='ocr_line' id='line_1_31' title="bbox 336 3727 1989 3819; baseline 0.002 -27"><span class='ocrx_word' id='word_1_319' title='bbox 336 3727 475 3794; x_wconf 89' lang='lat' dir='ltr'><strong>decessu</strong></span> <span class='ocrx_word' id='word_1_320' title='bbox 504 3729 590 3793; x_wconf 86' lang='lat' dir='ltr'><strong>vitae</strong></span> <span class='ocrx_word' id='word_1_321' title='bbox 621 3730 805 3813; x_wconf 89' lang='lat' dir='ltr'><strong>praesentis</strong></span> <span class='ocrx_word' id='word_1_322' title='bbox 836 3731 1014 3815; x_wconf 88' lang='lat' dir='ltr'><strong>angoribus</strong></span> <span class='ocrx_word' id='word_1_323' title='bbox 1042 3739 1141 3817; x_wconf 88' lang='lat' dir='ltr'><strong>atque</strong></span> <span class='ocrx_word' id='word_1_324' title='bbox 1169 3754 1269 3798; x_wconf 90' lang='lat' dir='ltr'><strong>onere</strong></span> <span class='ocrx_word' id='word_1_325' title='bbox 1297 3732 1474 3819; x_wconf 89' lang='lat' dir='ltr'><strong>perfuncti,</strong></span> <span class='ocrx_word' id='word_1_326' title='bbox 1511 3753 1584 3797; x_wconf 92' lang='lat' dir='ltr'><strong>cum</strong></span> <span class='ocrx_word' id='word_1_327' title='bbox 1614 3732 1725 3796; x_wconf 92' lang='lat' dir='ltr'><strong>iudicii</strong></span> <span class='ocrx_word' id='word_1_328' title='bbox 1755 3731 1825 3797; x_wconf 90' lang='lat' dir='ltr'><strong>dies</strong></span> <span class='ocrx_word' id='word_1_329' title='bbox 1856 3737 1989 3796; x_wconf 88' lang='lat' dir='ltr'><strong>sanctus</strong></span> 
     </span>
     <span class='ocr_line' id='line_1_32' title="bbox 284 3833 1986 3929; baseline 0 -32"><span class='ocrx_word' id='word_1_330' title='bbox 284 3846 310 3884; x_wconf 80' lang='grc'><strong>55</strong></span> <span class='ocrx_word' id='word_1_331' title='bbox 336 3833 496 3898; x_wconf 83' lang='lat' dir='ltr'><strong>offulserit</strong></span> <span class='ocrx_word' id='word_1_332' title='bbox 515 3853 589 3896; x_wconf 93' lang='lat' dir='ltr'><strong>oum</strong></span> <span class='ocrx_word' id='word_1_333' title='bbox 612 3834 859 3929; x_wconf 84' lang='lat' dir='ltr'><strong>resurrectione,</strong></span> <span class='ocrx_word' id='word_1_334' title='bbox 881 3836 1064 3919; x_wconf 88' lang='lat' dir='ltr'><strong>agminibus</strong></span> <span class='ocrx_word' id='word_1_335' title='bbox 1079 3838 1197 3902; x_wconf 89' lang='lat' dir='ltr'><strong>vestris</strong></span> <span class='ocrx_word' id='word_1_336' title='bbox 1213 3838 1400 3902; x_wconf 87' lang='lat' dir='ltr'><strong>famulaturi</strong></span> <span class='ocrx_word' id='word_1_337' title='bbox 1418 3837 1470 3902; x_wconf 85' lang='lat' dir='ltr'><strong>vel</strong></span> <span class='ocrx_word' id='word_1_338' title='bbox 1486 3835 1546 3901; x_wconf 91' lang='lat' dir='ltr'><strong>sub</strong></span> <span class='ocrx_word' id='word_1_339' title='bbox 1563 3834 1799 3900; x_wconf 85' lang='lat' dir='ltr'><strong>Gabaoniticae</strong></span> <span class='ocrx_word' id='word_1_340' title='bbox 1820 3835 1986 3899; x_wconf 85' lang='lat' dir='ltr'><strong>servitutis</strong></span> 
     </span>
     <span class='ocr_line' id='line_1_33' title="bbox 336 3936 1987 4027; baseline 0.001 -27"><span class='ocrx_word' id='word_1_341' title='bbox 336 3937 511 4002; x_wconf 89' lang='lat' dir='ltr'><strong>occasione</strong></span> <span class='ocrx_word' id='word_1_342' title='bbox 539 3936 726 4022; x_wconf 89' lang='lat' dir='ltr'><strong>iungamur;</strong></span> <span class='ocrx_word' id='word_1_343' title='bbox 755 3938 830 4022; x_wconf 90' lang='lat' dir='ltr'><strong>quia</strong></span> <span class='ocrx_word' id='word_1_344' title='bbox 857 3938 1036 4004; x_wconf 91' lang='lat' dir='ltr'><strong>secundum</strong></span> <span class='ocrx_word' id='word_1_345' title='bbox 1060 3940 1222 4027; x_wconf 90' lang='lat' dir='ltr'><strong>promissa</strong></span> <span class='ocrx_word' id='word_1_346' title='bbox 1245 3942 1416 4017; x_wconf 90' lang='lat' dir='ltr'><strong>caelestia,</strong></span> <span class='ocrx_word' id='word_1_347' title='bbox 1449 3962 1533 4026; x_wconf 94' lang='lat' dir='ltr'><strong>quae</strong></span> <span class='ocrx_word' id='word_1_348' title='bbox 1558 3938 1803 4027; x_wconf 90' lang='lat' dir='ltr'><strong>spoponderunt</strong></span> <span class='ocrx_word' id='word_1_349' title='bbox 1824 3937 1909 4003; x_wconf 89' lang='lat' dir='ltr'><strong>filios</strong></span> <span class='ocrx_word' id='word_1_350' title='bbox 1932 3937 1987 4003; x_wconf 91' lang='lat' dir='ltr'><strong>dei</strong></span> 
     </span>
    </p>
   </div>
   <div class='ocr_carea' id='block_1_6' title="bbox 332 4149 2104 5453">
    <p class='ocr_par' dir='ltr' id='par_1_11' title="bbox 332 4149 2104 5453">
     <span class='ocr_line' id='line_1_34' title="bbox 438 4149 1990 4243; baseline 0.001 -31"><span class='ocrx_word' id='word_1_351' title='bbox 438 4159 452 4212; x_wconf 95' lang='lat'>1</span> <span class='ocrx_word' id='word_1_352' title='bbox 472 4171 565 4213; x_wconf 84' lang='lat' dir='ltr'><strong>cuncta</strong></span> <span class='ocrx_word' id='word_1_353' title='bbox 582 4162 611 4213; x_wconf 83' lang='lat' dir='ltr'><strong>iu</strong></span> <span class='ocrx_word' id='word_1_354' title='bbox 628 4179 681 4213; x_wconf 83' lang='lat' dir='ltr'><strong>ras.</strong></span> <span class='ocrx_word' id='word_1_355' title='bbox 701 4162 734 4212; x_wconf 88' lang='lat' dir='ltr'><em>M</em></span> <span class='ocrx_word' id='word_1_356' title='bbox 738 4164 746 4193; x_wconf 85' lang='lat'>¹</span> <span class='ocrx_word' id='word_1_357' title='bbox 825 4166 1021 4243; x_wconf 78' lang='lat' dir='ltr'><strong>pronunciatum</strong></span> <span class='ocrx_word' id='word_1_358' title='bbox 1040 4149 1121 4218; x_wconf 66' lang='lat' dir='ltr'><strong>MOF</strong></span> <span class='ocrx_word' id='word_1_359' title='bbox 1225 4165 1242 4218; x_wconf 91' lang='grc'><strong>2</strong></span> <span class='ocrx_word' id='word_1_360' title='bbox 1260 4167 1302 4218; x_wconf 89' lang='lat' dir='ltr'><strong>cni</strong></span> <span class='ocrx_word' id='word_1_361' title='bbox 1321 4184 1388 4219; x_wconf 82' lang='lat' dir='ltr'><strong>corr.</strong></span> <span class='ocrx_word' id='word_1_362' title='bbox 1407 4182 1438 4218; x_wconf 79' lang='lat' dir='ltr'><strong>erc</strong></span> <span class='ocrx_word' id='word_1_363' title='bbox 1455 4166 1500 4232; x_wconf 90' lang='lat' dir='ltr'><strong>qui</strong></span> <span class='ocrx_word' id='word_1_364' title='bbox 1518 4165 1557 4215; x_wconf 91' lang='lat' dir='ltr'><strong>P¹</strong></span> <span class='ocrx_word' id='word_1_365' title='bbox 1670 4161 1802 4215; x_wconf 78' lang='lat' dir='ltr'><strong>ilatintinr</strong></span> <span class='ocrx_word' id='word_1_366' title='bbox 1819 4180 1867 4214; x_wconf 88' lang='lat' dir='ltr'><strong>om.</strong></span> <span class='ocrx_word' id='word_1_367' title='bbox 1886 4161 1990 4214; x_wconf 78' lang='lat' dir='ltr'><strong>MOFP</strong></span> 
     </span>
     <span class='ocr_line' id='line_1_35' title="bbox 334 4279 1987 4360; baseline 0.003 -30"><span class='ocrx_word' id='word_1_368' title='bbox 334 4280 438 4332; x_wconf 85' lang='lat' dir='ltr'><strong>sillabas</strong></span> <span class='ocrx_word' id='word_1_369' title='bbox 457 4280 561 4333; x_wconf 81' lang='lat' dir='ltr'><strong>MOFP</strong></span> <span class='ocrx_word' id='word_1_370' title='bbox 686 4279 703 4332; x_wconf 81' lang='grc'><strong>4</strong></span> <span class='ocrx_word' id='word_1_371' title='bbox 728 4285 886 4349; x_wconf 86' lang='lat' dir='ltr'><strong>oportunitas</strong></span> <span class='ocrx_word' id='word_1_372' title='bbox 904 4285 1033 4338; x_wconf 81' lang='lat' dir='ltr'><strong>LMOFP</strong></span> <span class='ocrx_word' id='word_1_373' title='bbox 1116 4287 1243 4354; x_wconf 84' lang='lat' dir='ltr'><strong>epythotis</strong></span> <span class='ocrx_word' id='word_1_374' title='bbox 1261 4286 1329 4352; x_wconf 79' lang='lat' dir='ltr'><strong>LM,</strong></span> <span class='ocrx_word' id='word_1_375' title='bbox 1355 4286 1502 4360; x_wconf 82' lang='lat' dir='ltr'><strong>epythstlris</strong></span> <span class='ocrx_word' id='word_1_376' title='bbox 1520 4284 1553 4348; x_wconf 85' lang='lat' dir='ltr'><strong>F,</strong></span> <span class='ocrx_word' id='word_1_377' title='bbox 1579 4284 1680 4350; x_wconf 84' lang='lat' dir='ltr'><strong>spitetis</strong></span> <span class='ocrx_word' id='word_1_378' title='bbox 1698 4283 1724 4334; x_wconf 92' lang='lat' dir='ltr'><strong><em>P</em></strong></span> <span class='ocrx_word' id='word_1_379' title='bbox 1847 4281 1865 4334; x_wconf 75' lang='grc' dir='ltr'><strong>ὁ</strong></span> <span class='ocrx_word' id='word_1_380' title='bbox 1888 4284 1987 4335; x_wconf 82' lang='lat' dir='ltr'><strong>fulmen</strong></span> 
     </span>
     <span class='ocr_line' id='line_1_36' title="bbox 335 4363 1986 4471; baseline 0.002 -20"><span class='ocrx_word' id='word_1_381' title='bbox 335 4397 414 4464; x_wconf 62' lang='lat' dir='ltr'><strong>(coru.</strong></span> <span class='ocrx_word' id='word_1_382' title='bbox 431 4401 459 4451; x_wconf 84' lang='lat' dir='ltr'><strong>in</strong></span> <span class='ocrx_word' id='word_1_383' title='bbox 477 4402 573 4452; x_wconf 86' lang='lat' dir='ltr'><strong>flumen</strong></span> <span class='ocrx_word' id='word_1_384' title='bbox 592 4401 620 4452; x_wconf 85' lang='lat' dir='ltr'><strong>F</strong></span> <span class='ocrx_word' id='word_1_385' title='bbox 626 4402 647 4467; x_wconf 92' lang='lat'><strong>¹)</strong></span> <span class='ocrx_word' id='word_1_386' title='bbox 664 4403 691 4453; x_wconf 92' lang='lat' dir='ltr'><strong>iu</strong></span> <span class='ocrx_word' id='word_1_387' title='bbox 709 4403 833 4456; x_wconf 89' lang='lat' dir='ltr'><strong>clausulis</strong></span> <span class='ocrx_word' id='word_1_388' title='bbox 852 4404 886 4469; x_wconf 97' lang='lat' dir='ltr'><strong>F,</strong></span> <span class='ocrx_word' id='word_1_389' title='bbox 912 4408 1051 4459; x_wconf 87' lang='lat' dir='ltr'><strong>flumenin</strong></span> <span class='ocrx_word' id='word_1_390' title='bbox 1070 4408 1191 4460; x_wconf 74' lang='lat' dir='ltr'><strong>ohusolirr</strong></span> <span class='ocrx_word' id='word_1_391' title='bbox 1210 4404 1237 4458; x_wconf 80' lang='lat' dir='ltr'><strong><em>L</em></strong></span> <span class='ocrx_word' id='word_1_392' title='bbox 1345 4405 1363 4458; x_wconf 82' lang='lat'><strong>6</strong></span> <span class='ocrx_word' id='word_1_393' title='bbox 1380 4363 1484 4459; x_wconf 64' lang='lat' dir='ltr'><strong>mauris</strong></span> <span class='ocrx_word' id='word_1_394' title='bbox 1501 4404 1551 4455; x_wconf 66' lang='lat'><strong>111¹</strong></span> <span class='ocrx_word' id='word_1_395' title='bbox 1662 4401 1678 4454; x_wconf 85' lang='lat' dir='ltr'><strong>&#39;l</strong></span> <span class='ocrx_word' id='word_1_396' title='bbox 1694 4412 1754 4470; x_wconf 78' lang='lat' dir='ltr'><strong>post</strong></span> <span class='ocrx_word' id='word_1_397' title='bbox 1775 4403 1840 4455; x_wconf 87' lang='lat' dir='ltr'><strong>levis</strong></span> <span class='ocrx_word' id='word_1_398' title='bbox 1857 4403 1941 4471; x_wconf 76' lang='lat' dir='ltr'><strong>deficit</strong></span> <span class='ocrx_word' id='word_1_399' title='bbox 1957 4404 1986 4454; x_wconf 80' lang='lat' dir='ltr'><strong>in</strong></span> 
     </span>
     <span class='ocr_line' id='line_1_37' title="bbox 333 4518 1986 4594; baseline 0.002 -23"><span class='ocrx_word' id='word_1_400' title='bbox 333 4521 387 4571; x_wconf 84' lang='lat' dir='ltr'><strong>ima</strong></span> <span class='ocrx_word' id='word_1_401' title='bbox 404 4523 507 4589; x_wconf 76' lang='lat' dir='ltr'><strong>popina</strong></span> <span class='ocrx_word' id='word_1_402' title='bbox 524 4518 551 4573; x_wconf 88' lang='lat' dir='ltr'><strong><em>L</em></strong></span> <span class='ocrx_word' id='word_1_403' title='bbox 661 4522 677 4574; x_wconf 82' lang='lat'><strong>9</strong></span> <span class='ocrx_word' id='word_1_404' title='bbox 701 4526 833 4578; x_wconf 86' lang='lat' dir='ltr'><strong>balbuciat</strong></span> <span class='ocrx_word' id='word_1_405' title='bbox 852 4526 901 4577; x_wconf 77' lang='lat' dir='ltr'><strong>OF</strong></span> <span class='ocrx_word' id='word_1_406' title='bbox 1010 4525 1046 4580; x_wconf 91' lang='grc'><strong>10</strong></span> <span class='ocrx_word' id='word_1_407' title='bbox 1068 4529 1222 4581; x_wconf 74' lang='grc' dir='ltr'>ιιίιιιΗῐιιιιι</span> <span class='ocrx_word' id='word_1_408' title='bbox 1239 4527 1344 4581; x_wconf 80' lang='lat' dir='ltr'><strong>MOFP</strong></span> <span class='ocrx_word' id='word_1_409' title='bbox 1410 4527 1573 4594; x_wconf 81' lang='lat' dir='ltr'><strong>onychitinas</strong></span> <span class='ocrx_word' id='word_1_410' title='bbox 1596 4524 1701 4592; x_wconf 51' lang='lat' dir='ltr'><strong>scrip&amp;</strong></span> <span class='ocrx_word' id='word_1_411' title='bbox 1725 4524 1906 4591; x_wconf 81' lang='lat' dir='ltr'><strong>onychintinas</strong></span> <span class='ocrx_word' id='word_1_412' title='bbox 1923 4523 1986 4591; x_wconf 82' lang='lat' dir='ltr'><strong>MP,</strong></span> 
     </span>
     <span class='ocr_line' id='line_1_38' title="bbox 334 4641 1991 4756; baseline 0.005 -65"><span class='ocrx_word' id='word_1_413' title='bbox 334 4642 507 4693; x_wconf 83' lang='lat' dir='ltr'><strong>onichintiuas</strong></span> <span class='ocrx_word' id='word_1_414' title='bbox 526 4641 575 4693; x_wconf 81' lang='lat' dir='ltr'><strong>OF</strong></span> <span class='ocrx_word' id='word_1_415' title='bbox 675 4642 706 4694; x_wconf 93' lang='grc'><strong>11</strong></span> <span class='ocrx_word' id='word_1_416' title='bbox 727 4645 806 4695; x_wconf 91' lang='lat' dir='ltr'><strong>nichil</strong></span> <span class='ocrx_word' id='word_1_417' title='bbox 821 4645 891 4697; x_wconf 82' lang='lat' dir='ltr'><strong>OFP</strong></span> <span class='ocrx_word' id='word_1_418' title='bbox 958 4644 1061 4699; x_wconf 82' lang='lat' dir='ltr'><strong>can</strong></span> <span class='ocrx_word' id='word_1_419' title='bbox 1168 4646 1203 4699; x_wconf 92' lang='grc'><strong>12</strong></span> <span class='ocrx_word' id='word_1_420' title='bbox 1219 4648 1341 4701; x_wconf 75' lang='grc' dir='ltr'>οιιιίιιιΡ</span> <span class='ocrx_word' id='word_1_421' title='bbox 1407 4661 1505 4756; x_wconf 68' lang='lat' dir='ltr'><strong>pqupm</strong></span> <span class='ocrx_word' id='word_1_422' title='bbox 1523 4646 1554 4715; x_wconf 84' lang='lat' dir='ltr'><strong>(p</strong></span> <span class='ocrx_word' id='word_1_423' title='bbox 1571 4663 1638 4700; x_wconf 81' lang='lat' dir='ltr'><strong>eras</strong></span> <span class='ocrx_word' id='word_1_424' title='bbox 1657 4644 1716 4710; x_wconf 71' lang='grc' dir='ltr'><strong>Μ’)</strong></span> <span class='ocrx_word' id='word_1_425' title='bbox 1734 4645 1768 4695; x_wconf 81' lang='grc' dir='ltr'><em>Μ</em></span> <span class='ocrx_word' id='word_1_426' title='bbox 1834 4645 1928 4712; x_wconf 77' lang='lat' dir='ltr'><strong>pericia</strong></span> <span class='ocrx_word' id='word_1_427' title='bbox 1942 4645 1991 4698; x_wconf 77' lang='lat' dir='ltr'><strong>OF</strong></span> 
     </span>
     <span class='ocr_line' id='line_1_39' title="bbox 335 4726 1989 4834; baseline 0.002 -21"><span class='ocrx_word' id='word_1_428' title='bbox 335 4759 369 4813; x_wconf 84' lang='lat'><strong>13</strong></span> <span class='ocrx_word' id='word_1_429' title='bbox 386 4779 502 4829; x_wconf 81' lang='lat' dir='ltr'><strong>propes.</strong></span> <span class='ocrx_word' id='word_1_430' title='bbox 521 4764 538 4813; x_wconf 87' lang='lat' dir='ltr'><strong>l.</strong></span> <span class='ocrx_word' id='word_1_431' title='bbox 557 4763 619 4814; x_wconf 81' lang='lat' dir='ltr'><strong>add.</strong></span> <span class='ocrx_word' id='word_1_432' title='bbox 638 4763 681 4813; x_wconf 73' lang='grc' dir='ltr'><strong>ΜΙ</strong></span> <span class='ocrx_word' id='word_1_433' title='bbox 795 4764 827 4818; x_wconf 81' lang='grc'><strong>15</strong></span> <span class='ocrx_word' id='word_1_434' title='bbox 844 4768 971 4821; x_wconf 78' lang='lat' dir='ltr'><strong>reiciendi</strong></span> <span class='ocrx_word' id='word_1_435' title='bbox 989 4768 1030 4820; x_wconf 91' lang='lat' dir='ltr'><strong>F¹</strong></span> <span class='ocrx_word' id='word_1_436' title='bbox 1136 4766 1168 4819; x_wconf 72' lang='lat'><strong>17</strong></span> <span class='ocrx_word' id='word_1_437' title='bbox 1187 4778 1273 4822; x_wconf 87' lang='lat' dir='ltr'><strong>nostra</strong></span> <span class='ocrx_word' id='word_1_438' title='bbox 1291 4786 1340 4821; x_wconf 81' lang='lat' dir='ltr'><strong>om</strong></span> <span class='ocrx_word' id='word_1_439' title='bbox 1353 4768 1382 4821; x_wconf 86' lang='lat' dir='ltr'><strong>F</strong></span> <span class='ocrx_word' id='word_1_440' title='bbox 1447 4726 1475 4820; x_wconf 86' lang='lat' dir='ltr'><strong>nl</strong></span> <span class='ocrx_word' id='word_1_441' title='bbox 1493 4769 1527 4834; x_wconf 88' lang='lat' dir='ltr'><strong>F,</strong></span> <span class='ocrx_word' id='word_1_442' title='bbox 1544 4767 1623 4832; x_wconf 73' lang='lat' dir='ltr'><strong>nuc,</strong></span> <span class='ocrx_word' id='word_1_443' title='bbox 1639 4767 1757 4821; x_wconf 86' lang='lat' dir='ltr'><strong>nichilP</strong></span> <span class='ocrx_word' id='word_1_444' title='bbox 1823 4766 1904 4818; x_wconf 88' lang='lat' dir='ltr'><strong>nichil</strong></span> <span class='ocrx_word' id='word_1_445' title='bbox 1917 4765 1989 4818; x_wconf 81' lang='lat' dir='ltr'><strong>OFP</strong></span> 
     </span>
     <span class='ocr_line' id='line_1_40' title="bbox 334 4836 1986 4958; baseline 0.004 -26"><span class='ocrx_word' id='word_1_446' title='bbox 334 4880 368 4933; x_wconf 83' lang='grc'><strong>18</strong></span> <span class='ocrx_word' id='word_1_447' title='bbox 385 4883 523 4934; x_wconf 84' lang='lat' dir='ltr'><strong>fecundare</strong></span> <span class='ocrx_word' id='word_1_448' title='bbox 541 4900 608 4934; x_wconf 84' lang='lat' dir='ltr'><strong>corr.</strong></span> <span class='ocrx_word' id='word_1_449' title='bbox 626 4901 657 4934; x_wconf 78' lang='lat' dir='ltr'><strong>ca</strong></span> <span class='ocrx_word' id='word_1_450' title='bbox 675 4885 813 4937; x_wconf 86' lang='lat' dir='ltr'><strong>fecundare</strong></span> <span class='ocrx_word' id='word_1_451' title='bbox 827 4886 872 4951; x_wconf 80' lang='lat'><strong>0²,</strong></span> <span class='ocrx_word' id='word_1_452' title='bbox 898 4888 1042 4940; x_wconf 57' lang='lat' dir='ltr'><strong>&amp;eandm</strong></span> <span class='ocrx_word' id='word_1_453' title='bbox 1060 4905 1127 4941; x_wconf 81' lang='lat' dir='ltr'><strong>corr.</strong></span> <span class='ocrx_word' id='word_1_454' title='bbox 1145 4905 1176 4940; x_wconf 82' lang='lat' dir='ltr'><strong>eu</strong></span> <span class='ocrx_word' id='word_1_455' title='bbox 1194 4889 1331 4942; x_wconf 76' lang='lat' dir='ltr'><strong>facundius</strong></span> <span class='ocrx_word' id='word_1_456' title='bbox 1343 4889 1390 4939; x_wconf 67' lang='grc' dir='ltr'><strong>Μ’</strong></span> <span class='ocrx_word' id='word_1_457' title='bbox 1461 4888 1686 4958; x_wconf 79' lang='lat' dir='ltr'><strong>aucupabimusO</strong></span> <span class='ocrx_word' id='word_1_458' title='bbox 1792 4883 1827 4937; x_wconf 88' lang='grc'><strong>20</strong></span> <span class='ocrx_word' id='word_1_459' title='bbox 1843 4836 1986 4940; x_wconf 71' lang='lat' dir='ltr'><strong>incoliabis·</strong></span> 
     </span>
     <span class='ocr_line' id='line_1_41' title="bbox 333 5001 1986 5078; baseline 0.003 -25"><span class='ocrx_word' id='word_1_460' title='bbox 333 5019 383 5067; x_wconf 90' lang='lat' dir='ltr'><strong>que</strong></span> <span class='ocrx_word' id='word_1_461' title='bbox 401 5001 436 5052; x_wconf 88' lang='lat' dir='ltr'><em>M</em></span> <span class='ocrx_word' id='word_1_462' title='bbox 518 5006 668 5072; x_wconf 67' lang='lat' dir='ltr'><strong>spolisatns</strong></span> <span class='ocrx_word' id='word_1_463' title='bbox 685 5004 776 5071; x_wconf 81' lang='lat' dir='ltr'><strong>(unam</strong></span> <span class='ocrx_word' id='word_1_464' title='bbox 795 5007 840 5058; x_wconf 82' lang='lat' dir='ltr'><strong>litt.</strong></span> <span class='ocrx_word' id='word_1_465' title='bbox 859 5024 926 5059; x_wconf 82' lang='lat' dir='ltr'><strong>erce.</strong></span> <span class='ocrx_word' id='word_1_466' title='bbox 945 5008 979 5058; x_wconf 81' lang='lat' dir='ltr'><em>M</em></span> <span class='ocrx_word' id='word_1_467' title='bbox 982 5008 1004 5073; x_wconf 87' lang='lat'><strong>¹)</strong></span> <span class='ocrx_word' id='word_1_468' title='bbox 1022 5008 1056 5058; x_wconf 79' lang='lat' dir='ltr'><em>M</em></span> <span class='ocrx_word' id='word_1_469' title='bbox 1172 5006 1206 5060; x_wconf 93' lang='grc'><strong>21</strong></span> <span class='ocrx_word' id='word_1_470' title='bbox 1226 5026 1282 5062; x_wconf 85' lang='lat' dir='ltr'><strong>esse</strong></span> <span class='ocrx_word' id='word_1_471' title='bbox 1299 5010 1405 5078; x_wconf 80' lang='lat' dir='ltr'><strong>dignare</strong></span> <span class='ocrx_word' id='word_1_472' title='bbox 1423 5009 1525 5060; x_wconf 83' lang='lat' dir='ltr'><strong>domino</strong></span> <span class='ocrx_word' id='word_1_473' title='bbox 1546 5024 1612 5076; x_wconf 82' lang='lat' dir='ltr'><strong>papa</strong></span> <span class='ocrx_word' id='word_1_474' title='bbox 1630 5024 1678 5059; x_wconf 89' lang='lat' dir='ltr'><strong>om.</strong></span> <span class='ocrx_word' id='word_1_475' title='bbox 1699 5007 1730 5071; x_wconf 80' lang='lat'><strong>0,</strong></span> <span class='ocrx_word' id='word_1_476' title='bbox 1755 5007 1864 5074; x_wconf 84' lang='lat' dir='ltr'><strong>dignare</strong></span> <span class='ocrx_word' id='word_1_477' title='bbox 1884 5006 1986 5059; x_wconf 89' lang='lat' dir='ltr'><strong>domins</strong></span> 
     </span>
     <span class='ocr_line' id='line_1_42' title="bbox 332 5123 1990 5230; baseline 0.002 -55"><span class='ocrx_word' id='word_1_478' title='bbox 332 5140 398 5230; x_wconf 65' lang='lat' dir='ltr'><strong>pppa</strong></span> <span class='ocrx_word' id='word_1_479' title='bbox 410 5123 498 5175; x_wconf 88' lang='lat' dir='ltr'><strong>om.F</strong></span> <span class='ocrx_word' id='word_1_480' title='bbox 550 5126 705 5192; x_wconf 86' lang='lat' dir='ltr'><strong>dignerisP,</strong></span> <span class='ocrx_word' id='word_1_481' title='bbox 723 5126 829 5193; x_wconf 72' lang='lat' dir='ltr'><strong>dignit!</strong></span> <span class='ocrx_word' id='word_1_482' title='bbox 914 5125 948 5179; x_wconf 94' lang='grc'><strong>22</strong></span> <span class='ocrx_word' id='word_1_483' title='bbox 966 5129 1087 5181; x_wconf 80' lang='lat' dir='ltr'><strong>Sidonius</strong></span> <span class='ocrx_word' id='word_1_484' title='bbox 1104 5136 1127 5181; x_wconf 84' lang='lat' dir='ltr'><strong>ct</strong></span> <span class='ocrx_word' id='word_1_485' title='bbox 1144 5129 1254 5183; x_wconf 75' lang='lat' dir='ltr'><strong>sslnmm</strong></span> <span class='ocrx_word' id='word_1_486' title='bbox 1267 5129 1356 5183; x_wconf 87' lang='lat' dir='ltr'><strong>om.F</strong></span> <span class='ocrx_word' id='word_1_487' title='bbox 1439 5127 1473 5182; x_wconf 79' lang='grc'><strong>23</strong></span> <span class='ocrx_word' id='word_1_488' title='bbox 1491 5145 1640 5196; x_wconf 86' lang='lat' dir='ltr'><strong>quanquam</strong></span> <span class='ocrx_word' id='word_1_489' title='bbox 1650 5127 1708 5179; x_wconf 82' lang='lat' dir='ltr'><strong>MP</strong></span> <span class='ocrx_word' id='word_1_490' title='bbox 1790 5124 1990 5194; x_wconf 72' lang='lat' dir='ltr'><strong>alydonsusr’</strong></span> 
     </span>
     <span class='ocr_line' id='line_1_43' title="bbox 332 5244 1985 5319; baseline 0.005 -24"><span class='ocrx_word' id='word_1_491' title='bbox 332 5246 413 5312; x_wconf 85' lang='lat' dir='ltr'><strong>petita</strong></span> <span class='ocrx_word' id='word_1_492' title='bbox 430 5245 463 5294; x_wconf 86' lang='lat' dir='ltr'><em>M</em></span> <span class='ocrx_word' id='word_1_493' title='bbox 469 5245 476 5275; x_wconf 89' lang='lat'><strong>¹</strong></span> <span class='ocrx_word' id='word_1_494' title='bbox 582 5244 617 5297; x_wconf 84' lang='grc'><strong>26</strong></span> <span class='ocrx_word' id='word_1_495' title='bbox 635 5248 772 5314; x_wconf 84' lang='lat' dir='ltr'><strong>repetendo</strong></span> <span class='ocrx_word' id='word_1_496' title='bbox 788 5246 824 5313; x_wconf 86' lang='lat' dir='ltr'><strong>(tc</strong></span> <span class='ocrx_word' id='word_1_497' title='bbox 841 5265 909 5300; x_wconf 82' lang='lat' dir='ltr'><strong>cras.</strong></span> <span class='ocrx_word' id='word_1_498' title='bbox 931 5249 1020 5315; x_wconf 79' lang='lat' dir='ltr'>0²)C&#39;</span> <span class='ocrx_word' id='word_1_499' title='bbox 1085 5252 1228 5304; x_wconf 85' lang='lat' dir='ltr'><strong>conbiuans</strong></span> <span class='ocrx_word' id='word_1_500' title='bbox 1246 5251 1280 5302; x_wconf 83' lang='lat' dir='ltr'><em>M</em></span> <span class='ocrx_word' id='word_1_501' title='bbox 1345 5253 1406 5319; x_wconf 88' lang='lat' dir='ltr'><strong>qula</strong></span> <span class='ocrx_word' id='word_1_502' title='bbox 1424 5268 1443 5302; x_wconf 88' lang='lat' dir='ltr'><strong>s.</strong></span> <span class='ocrx_word' id='word_1_503' title='bbox 1463 5253 1480 5303; x_wconf 90' lang='lat' dir='ltr'><strong>l.</strong></span> <span class='ocrx_word' id='word_1_504' title='bbox 1499 5251 1562 5303; x_wconf 69' lang='lat' dir='ltr'><strong>cdd</strong></span> <span class='ocrx_word' id='word_1_505' title='bbox 1576 5250 1622 5300; x_wconf 65' lang='lat'><strong>31¹</strong></span> <span class='ocrx_word' id='word_1_506' title='bbox 1728 5246 1761 5300; x_wconf 82' lang='grc'><strong>27</strong></span> <span class='ocrx_word' id='word_1_507' title='bbox 1779 5248 1871 5301; x_wconf 84' lang='lat' dir='ltr'><strong>animis</strong></span> <span class='ocrx_word' id='word_1_508' title='bbox 1884 5249 1985 5314; x_wconf 81' lang='lat' dir='ltr'><strong>addidi,</strong></span> 
     </span>
     <span class='ocr_line' id='line_1_44' title="bbox 332 5326 2104 5453; baseline 0.002 -37"><span class='ocrx_word' id='word_1_509' title='bbox 332 5383 380 5418; x_wconf 82' lang='lat' dir='ltr'><strong>cra.</strong></span> <span class='ocrx_word' id='word_1_510' title='bbox 399 5365 503 5417; x_wconf 75' lang='lat' dir='ltr'><strong>MC&#39;FP</strong></span> <span class='ocrx_word' id='word_1_511' title='bbox 587 5369 766 5434; x_wconf 86' lang='lat' dir='ltr'><strong>conspectibus</strong></span> <span class='ocrx_word' id='word_1_512' title='bbox 790 5366 848 5432; x_wconf 79' lang='lat' dir='ltr'><strong>(aas.</strong></span> <span class='ocrx_word' id='word_1_513' title='bbox 867 5370 928 5436; x_wconf 92' lang='lat' dir='ltr'><strong>qne)</strong></span> <span class='ocrx_word' id='word_1_514' title='bbox 947 5369 976 5420; x_wconf 86' lang='lat' dir='ltr'><strong>F</strong></span> <span class='ocrx_word' id='word_1_515' title='bbox 1099 5369 1133 5423; x_wconf 83' lang='grc'><strong>28</strong></span> <span class='ocrx_word' id='word_1_516' title='bbox 1157 5372 1326 5425; x_wconf 84' lang='lat' dir='ltr'><strong>habitacionis</strong></span> <span class='ocrx_word' id='word_1_517' title='bbox 1345 5374 1368 5424; x_wconf 73' lang='lat' dir='ltr'><strong>(l</strong></span> <span class='ocrx_word' id='word_1_518' title='bbox 1458 5371 1564 5423; x_wconf 87' lang='lat' dir='ltr'><strong>obtabili</strong></span> <span class='ocrx_word' id='word_1_519' title='bbox 1585 5369 1631 5421; x_wconf 80' lang='grc' dir='ltr'><strong>ΟΡ</strong></span> <span class='ocrx_word' id='word_1_520' title='bbox 1755 5366 1789 5420; x_wconf 88' lang='grc'><strong>29</strong></span> <span class='ocrx_word' id='word_1_521' title='bbox 1811 5326 1926 5453; x_wconf 50' lang='grc' dir='ltr'>ιιιιςοῇἷίὴς</span> <span class='ocrx_word' id='word_1_522' title='bbox 1943 5370 1984 5421; x_wconf 90' lang='lat' dir='ltr'><strong>F¹</strong></span> <span class='ocrx_word' id='word_1_523' title='bbox 2099 5411 2104 5419; x_wconf 93' lang='lat'><strong>.</strong></span> 
     </span>
    </p>
   </div>
   <div class='ocr_carea' id='block_1_7' title="bbox 331 5461 1985 5672">
    <p class='ocr_par' dir='ltr' id='par_1_12' title="bbox 331 5461 1985 5672">
     <span class='ocr_line' id='line_1_45' title="bbox 331 5461 1985 5578; baseline 0.006 -43"><span class='ocrx_word' id='word_1_524' title='bbox 331 5484 427 5536; x_wconf 88' lang='lat' dir='ltr'><strong>honoro</strong></span> <span class='ocrx_word' id='word_1_525' title='bbox 451 5485 474 5536; x_wconf 80' lang='grc'><em>0</em></span> <span class='ocrx_word' id='word_1_526' title='bbox 573 5488 669 5538; x_wconf 74' lang='lat' dir='ltr'><strong>salictis</strong></span> <span class='ocrx_word' id='word_1_527' title='bbox 691 5487 854 5539; x_wconf 59' lang='lat' dir='ltr'><strong>nasamonas</strong></span> <span class='ocrx_word' id='word_1_528' title='bbox 997 5487 1032 5539; x_wconf 85' lang='lat'><strong>30</strong></span> <span class='ocrx_word' id='word_1_529' title='bbox 1054 5491 1188 5544; x_wconf 83' lang='lat' dir='ltr'><strong>obfulserit</strong></span> <span class='ocrx_word' id='word_1_530' title='bbox 1206 5492 1240 5556; x_wconf 90' lang='lat' dir='ltr'><strong>F,</strong></span> <span class='ocrx_word' id='word_1_531' title='bbox 1265 5492 1390 5543; x_wconf 82' lang='lat' dir='ltr'><strong>effrrlserit</strong></span> <span class='ocrx_word' id='word_1_532' title='bbox 1411 5490 1500 5540; x_wconf 85' lang='lat' dir='ltr'><strong>malim</strong></span> <span class='ocrx_word' id='word_1_533' title='bbox 1643 5486 1674 5540; x_wconf 85' lang='lat'><strong>31</strong></span> <span class='ocrx_word' id='word_1_534' title='bbox 1703 5461 1840 5578; x_wconf 63' lang='lat' dir='ltr'><strong>iungamru</strong></span> <span class='ocrx_word' id='word_1_535' title='bbox 1863 5510 1931 5544; x_wconf 81' lang='lat' dir='ltr'><strong>corr.</strong></span> <span class='ocrx_word' id='word_1_536' title='bbox 1953 5509 1985 5544; x_wconf 77' lang='lat' dir='ltr'><strong>ca·</strong></span> 
     </span>
     <span class='ocr_line' id='line_1_46' title="bbox 331 5605 757 5672; baseline 0.005 -16"><span class='ocrx_word' id='word_1_537' title='bbox 331 5606 473 5672; x_wconf 77' lang='lat' dir='ltr'><strong>iungatnrfi</strong></span> <span class='ocrx_word' id='word_1_538' title='bbox 491 5605 530 5658; x_wconf 62' lang='grc' dir='ltr'><strong>Ῑιη</strong></span> <span class='ocrx_word' id='word_1_539' title='bbox 603 5608 661 5659; x_wconf 87' lang='lat' dir='ltr'><strong>tidai</strong></span> <span class='ocrx_word' id='word_1_540' title='bbox 680 5608 757 5658; x_wconf 68' lang='lat' dir='ltr'><strong>.le</strong></span> 
     </span>
    </p>
   </div>
   <div class='ocr_carea' id='block_1_8' title="bbox 1724 5728 1779 5784">
    <p class='ocr_par' dir='ltr' id='par_1_13' title="bbox 1724 5728 1779 5784">
     <span class='ocr_line' id='line_1_47' title="bbox 1724 5728 1779 5784; baseline 0 -22"><span class='ocrx_word' id='word_1_541' title='bbox 1724 5728 1779 5784; x_wconf 62' lang='lat'><strong>20!</strong></span> 
     </span>
    </p>
   </div>
   <div class='ocr_carea' id='block_1_9' title="bbox 0 0 2236 6216">
    <p class='ocr_par' dir='ltr' id='par_1_14' title="bbox 0 0 2236 6216">
     <span class='ocr_line' id='line_1_48' title="bbox 0 0 2236 6216; baseline 0 2"><span class='ocrx_word' id='word_1_542' title='bbox 0 0 2236 6216; x_wconf 95' lang='lat' dir='ltr'><strong> </strong></span> 
     </span>
    </p>
   </div>
  </div>
 </body>
</html>
