4462 6216
283 360 381 409 LXXII
876 354 1082 408 PRAEFATIO
1101 354 1142 408 IN
1161 354 1341 409 RVRICIVM

283 526 353 592 FA.
377 525 494 591 XVIII
524 546 607 610 quac
636 526 804 612 excipiunt
835 526 1091 611 subscriptiones
1122 526 1350 612 episcoporum
1380 526 1481 590 salsas
1512 548 1587 592 csse
1617 525 1830 595 Sirmondus.
1862 526 1942 590 hist.

284 629 481 717 praedestin.
512 651 538 695 c.
564 633 581 691 7
612 629 771 714 51555111.
816 628 963 714 Utraque
992 629 1132 714 epistula
1154 630 1188 691 in
1211 650 1322 693 omnes
1351 630 1562 694 conciliorum
1592 630 1804 695 collectiones
1828 628 1873 712 (e.
1890 651 1941 715 gr.

284 735 400 813 blansi,
425 733 525 798 Cone.
550 735 647 818 ampl.
672 734 744 796 coll.
768 733 909 797 Florent.
939 735 1030 803 1762,
1056 743 1133 796 1515.
1157 731 1232 809 VII,
1256 754 1287 818 p.
1316 735 1410 817 1607)
1436 733 1574 798 transiit.

391 846 463 909 Has
494 845 608 909 Fausti
639 845 798 930 epistulas
828 845 960 928 collegit
990 844 1245 928 Margarinus
1272 844 1320 909 de
1349 845 1388 908 la
1416 845 1464 909 Bi
1474 867 1572 930 gne,
1611 844 1712 911 Sacra
1741 845 1943 910 bibliotheca

285 956 471 1013 sanctorum
501 954 629 1033 patrum
658 947 706 1012 ed.
731 949 798 1025 alt,
830 947 965 1010 Parisiis
992 950 1087 1023 1589,
1119 946 1516 1034 1515.111,5.461-410
1540 949 1609 1015 FA.
1633 948 1820 1013 XIV.XV.
1844 947 1941 1013 XVI.

283 1050 398 1130 XVII,
429 1058 505 1114 tom.
530 1049 588 1130 IV,
618 1072 649 1136 p.
675 1054 853 1114 759-763
884 1051 952 1113 FA.
977 1050 1042 1114 XX
1070 1050 1229 1135 (trunca),
1259 1074 1289 1137 p.
1314 1053 1485 1117 875-879
1516 1054 1585 1118 FA.
1609 1052 1728 1117 XVIII
1758 1074 1833 1117 cum
1862 1053 1941 1117 sub·

285 1155 524 1239 scriptionibus,
547 1152 615 1218 FA.
638 1153 731 1217 XIX.

394 1265 475 1329 Post
508 1266 570 1329 hoc
605 1265 767 1330 Henricus
798 1264 1005 1346 Canisius,
1039 1267 1203 1352 Antiquae
1238 1268 1390 1331 lectionis
1421 1274 1528 1343 tomus
1555 1267 1594 1346 V,
1625 1267 1821 1352 Ingolstadii
1847 1270 1942 1347 1604,

289 1393 319 1456 p.
344 1372 513 1432 425-523
538 1368 683 1432 codicem
709 1367 875 1433 Gnosius
900 1372 1044 1456 reliquas
1069 1371 1182 1434 Fausti
1207 1372 1429 1456 epistulasque
1454 1372 1579 1435 Ruricii
1603 1372 1726 1458 publici
1747 1372 1826 1436 iuris
1851 1371 1943 1435 fecit.

287 1474 375 1537 Ante
399 1472 486 1537 edita
511 1478 658 1556 repetere
681 1473 795 1545 noluit,
819 1473 877 1538 sed
902 1474 980 1537 satis
1004 1474 1117 1538 habuit
1140 1475 1286 1538 conferre
1310 1496 1382 1538 cum
1407 1474 1549 1538 editions
1573 1475 1747 1560 Bigniana.

396 1582 520 1647 Canisii
544 1582 686 1647 editione
709 1604 821 1647 omnes
846 1606 929 1668 quae
954 1591 1134 1669 sequuntur
1157 1585 1348 1649 innituntur.

394 1695 540 1779 Magna
563 1695 819 1759 bibliotheca
849 1703 997 1760 veterum
1026 1704 1164 1782 patrum.
1216 1696 1350 1759 Parisiis
1377 1699 1469 1773 1654,
1500 1702 1578 1761 15111.
1601 1695 1669 1771 ΙΙΙ,
1700 1718 1731 1782 5.
1756 1696 1959 1760 347-4111·

287 1798 463 1864 editionem
496 1797 620 1862 Oanisii
650 1800 811 1882 integram
841 1800 1021 1884 expressit:
1053 1807 1129 1864 tom.
1158 1798 1217 1875 IV,
1245 1798 1272 1874 Ι,
1307 1820 1338 1884 p.
1368 1803 1430 1863 595
1461 1800 1624 1886 posterior
1654 1798 1722 1864 FA.
1751 1798 1817 1863 XX
1855 1822 1944 1887 pars,

287 1925 317 1989 p.
341 1904 511 1966 693-698
535 1901 604 1965 FA.
629 1900 754 1965 XVIII'
772 1923 846 1966 cum
870 1902 1164 1988 subscriptionibus
1190 1911 1222 1967 et
1244 1903 1312 1967 FA.
1333 1903 1416 1966 XIX
1440 1903 1548 1967 editae
1573 1913 1656 1966 sunt.

394 2021 565 2085 Maxima
588 2022 843 2087 bibliotheca
858 2031 1004 2087 veterum
1022 2027 1160 2108 patrum.
1210 2023 1363 2108 Lugduni
1382 2027 1475 2103 1677,
1499 2030 1574 2086 1515.
1593 2022 1688 2099 VIII,
1711 2045 1741 2109 p.
1759 2025 1944 2087 523-525

288 2126 356 2190 FA.
379 2125 498 2189 XVIII
522 2125 606 2208 (cum
631 2125 935 2211 subscriptionibus)
960 2132 992 2189 et
1019 2125 1087 2189 FA.
1116 2125 1212 2207 XIX,
1246 2148 1276 2211 p.
1306 2130 1485 2190 517-5711
1518 2126 1586 2190 FA.
1617 2126 1691 2189 XX.
1715 2125 1943 2192 XV-XVII.

289 2228 436 2292 I-—XlII
459 2229 647 2314 Ruriciiquo
672 2230 832 2315 epistulae
857 2229 965 2295 editae
989 2239 1072 2294 sunt.

396 2340 535 2404 lacobus
564 2340 768 2425 Bcsnage,
797 2341 986 2406 Thesaurus
1016 2347 1299 2405 monumentorum
1327 2342 1625 2405 ecclesiasticorum
1654 2348 1688 2406 et
1711 2340 1943 2411 historicorum

288 2444 356 2507 sive
379 2444 516 2508 chrici
540 2442 662 2507 Canisii
678 2445 836 2508 lectiones
857 2447 1021 2530 antiquae,
1046 2445 1247 2530 Antverpiae
1269 2447 1359 2525 1715,
1384 2444 1457 2508 Vol.
1477 2444 1502 2513 I.
1527 2466 1556 2529 p.
1575 2447 1743 2508 352-4117
1762 2443 1943 2509 editionem

291 2546 500 2611 Canisianam
523 2547 686 2631 repetivit.

397 2659 550 2743 Migno,
585 2658 794 2743 Patrologiae
829 2679 943 2722 cursus
975 2659 1168 2745 completus.
1232 2658 1343 2723 Series
1378 2658 1498 2722 Latina
1538 2659 1634 2743 prior.
1675 2658 1811 2723 Parisiis
1851 2661 1945 2739 1862,

289 2769 366 2828 tom.
389 2762 514 2842 LVIII,
538 2784 567 2847 p.
593 2765 740 2826 67-124
765 2761 889 2825 Ruricii
913 2762 1080 2845 epistulas.
1105 2782 1135 2847 p.·
1157 2764 1329 2825 837-876
1351 2762 1464 2825 Fausti
1488 2763 1691 2847 aliorumque
1717 2763 1804 2850 typis
1829 2763 1944 2849 impri-

289 2865 425 2931 mendas
450 2867 586 2945 curavit,
609 2865 756 2930 ordinem
780 2871 913 2928 secutus
938 2886 1022 2944 55111,
1046 2866 1100 2949 551
1125 2866 1156 2927 in
1181 2864 1325 2928 Maxima
1349 2865 1546 2929 bibliotheca
1569 2865 1763 2929 observatus
1788 2871 1848 2931 est.

398 2986 512 3052 Codex
545 2986 753 3051 Parisinus
787 2986 859 3049 Lat.
892 3008 921 3048 n.
958 2987 1075 3063 11378,
1116 2984 1156 3049 65
1194 3006 1257 3070 555
1295 2984 1451 3049 Alfrcdus
1489 2986 1639 3051 Schocne
1676 2986 1943 3071 Luetjohanuum

289 3091 473 3170 admonuit,
504 3091 729 3155 recensionem
753 3089 876 3153 Ruricii
911 3089 1123 3173 epistularum
1147 3089 1328 3152 absolutam
1353 3090 1497 3153 continet
1520 3089 1581 3152 555
1607 3089 1668 3153 555
1693 3089 1803 3153 titulo:
1832 3090 1946 3154 Anicii

289 3195 419 3260 Ruricii
452 3195 614 3275 Aquitani
645 3194 871 3257 Lemociccrasis
898 3193 1051 3273 Episcopi
1084 3215 1122 3256 ac
1150 3194 1351 3274 quorundam
1386 3196 1526 3258 51151551
1561 3194 1737 3259 111115111515
1768 3195 1813 3258 ad
1838 3195 1945 3275 155551

289 3297 452 3379 1151515155
475 3319 579 3362 omncs
601 3312 682 3377 'quac
704 3302 838 3374 5551551,
861 3320 900 3360 ecc
921 3297 1109 3360 5155515515
1130 3297 1781 3377 15555551151150515551115111115115515111
1801 3298 1835 3363 S.
1856 3296 1946 3364 Galli

289 3402 378 3483 551111
398 3400 556 3465 Η51151155
578 3403 616 3465 ab
639 3401 778 3465 Hearico
797 3399 927 3465 0551515
950 3401 977 3464 Ι.
999 3400 1032 3466 C.
1056 3400 1129 3464 olim
1145 3403 1255 3478 5111155,
1279 3424 1365 3466 55115
1376 3404 1520 3482 51151551
1534 3402 1635 3466 5111115
1657 3424 1737 3466 cura
1752 3402 1944 3481 emendatae,

289 3506 326 3568 111
353 3503 564 3584 compluribus
592 3503 668 3568 15515
694 3504 873 3579 1551115155,
902 3505 1044 3583 notisque
1070 3505 1191 3568 criticis
1217 3511 1246 3569 51
1272 3505 1432 3570 historicis
1461 3506 1647 3570 illustratae.
1702 3507 1745 3569 Ι11
1776 3505 1889 3571 Gallia
1918 3511 1947 3571 ct

289 3607 732 3688 555155515151155515151115
755 3606 908 3670 51151515
934 3608 1079 3691 (nomine
1103 3607 1222 3687 deleto,
1247 3631 1289 3675 m.
1313 3610 1355 3675 al.
1380 3610 1637 3695 superscripsit):
1661 3608 1701 3673 F.
1724 3608 1760 3672 Τ.
1781 3608 1821 3672 L.
1836 3608 1886 3673 M.
1903 3608 1944 3673 Β.

291 3712 435 3797 Paginas
463 3714 587 3775 1-126
612 3711 775 3797 epistulae
799 3708 919 3779 XCVI,
945 3733 975 3796 p.
1003 3714 1169 3776 121-188
1193 3720 1290 3776 55155
1315 3719 1486 3799 occupant.
1532 3713 1671 3776 Praeter
1695 3711 1945 3798 Sangallensem

290 3817 397 3880 nullus
428 3815 532 3879 codex
555 3815 721 3879 adhibitus
749 3813 877 3879 videtur
904 3836 986 3879 esse.
1033 3815 1126 3879 Haec
1156 3816 1294 3880 15115555
1322 3824 1373 3881 551
1408 3817 1621 3903 epistularum
1645 3816 1771 3880 Ruricii
1793 3817 1945 3882 recensio

292 3919 450 4005 Stephani
482 3919 623 3997 leuzii,
660 3939 755 4004 quem
786 3924 912 3982 constat
941 3918 1116 3983 editionem
1147 3940 1257 3982 carum
1290 3939 1422 4003 parasse
1454 3920 1539 4003 typis
1572 3939 1637 3981 non
1665 3938 1859 4004 expressam
1891 3916 1946 4004 (cf.

291 4020 459 4107 Agobardi
483 4020 593 4107 Opera
616 4021 667 4087 ed.
691 4021 858 4100 Baluzius,
881 4021 985 4086 Paris.
1013 4025 1105 4099 1666,
1129 4027 1226 4085 55155
1251 4042 1283 4105 p.
1308 4021 1372 4106 28).

398 4135 449 4198 De
472 4135 534 4198 hac
557 4154 642 4198 nova
665 4133 806 4198 editione
832 4135 911 4197 haec
934 4135 1002 4198 scre
1021 4133 1262 4219 praemonenda
1279 4139 1363 4197 sunt.
1402 4132 1525 4198 Omnes
1542 4154 1623 4219 quas
1640 4133 1767 4199 edimus
1784 4135 1945 4222 epistulas

290 4244 423 4325 praeter
455 4259 552 4301 unam
586 4237 716 4301 Paulini
744 4238 813 4301 FA.
837 4236 919 4301 XIV
948 4235 1052 4301 codex
1078 4238 1108 4301 G
1136 4238 1282 4301 continet
1310 4237 1527 4321 neglegenter
1554 4238 1711 4323 scriptus,
1740 4245 1834 4303 textu
1862 4238 1945 4303 adeo

291 4342 484 4428 depravato,
516 4348 551 4403 ut
581 4342 775 4406 sententiam
806 4340 1499 4426 5555155151(111155116555551155555115.
1545 4339 1947 4407 Νἰ1111511111155511511115

291 4448 331 4511 iis
356 4446 504 4532 epistulis
529 4466 612 4530 quae
636 4444 775 4509 redeunt
798 4445 830 4508 in
853 4444 885 4507 P
905 4444 1115 4509 recensendis
1142 4444 1173 4507 G
1196 4444 1311 4508 ducem
1335 4445 1439 4508 secuti
1464 4465 1585 4523 sumus,
1611 4466 1683 4509 cum
1706 4444 1738 4508 P
1755 4467 1821 4509 non
1838 4448 1944 4511 solum

291 4551 353 4614 hoc
377 4549 487 4614 codice
512 4570 576 4612 non
600 4555 757 4634 praestet,
782 4571 893 4613 verum
919 4549 1018 4612 etiam
1042 4547 1272 4633 multomagis
1297 4554 1465 4633 corruptus
1481 4549 1523 4611 sit
1544 4554 1578 4611 et
1593 4548 1764 4613 rusticiore
1781 4549 1947 4615 scribendi

292 4655 419 4718 ratione
443 4653 613 4717 librarium
637 4653 750 4738 prodat
775 4652 969 4737 imperitum.
1014 4650 1187 4714 Nonnullis
1215 4653 1294 4715 locis
1324 4660 1462 4736 uterque
1493 4651 1596 4716 codex
1620 4653 1807 4738 corruptela
1830 4654 1946 4719 eadem

292 4758 430 4822 laborat.
475 4757 617 4821 Faustus
640 4764 674 4820 ct
696 4757 849 4820 Ruricius
874 4777 947 4820 cum
971 4754 1085 4819 eadem
1111 4755 1212 4819 verba
1235 4777 1334 4840 saepe
1350 4760 1513 4839 repetant,
1537 4755 1587 4818 his
1610 4756 1691 4819 locis
1707 4757 1792 4821 inter
1807 4776 1842 4821 se
1858 4779 1946 4823 com-

292 4863 415 4948 paratis
432 4882 673 4947 nonnumquam
695 4866 805 4924 textus
830 4858 997 4924 emendari
1018 4858 1132 4944 potuit.
1171 4858 1209 4922 In
1232 4860 1373 4943 epistula
1389 4858 1470 4921 XIV
1492 4857 1564 4923 cot
1581 4865 1690 4923 aetate
1707 4866 1739 4923 51
1755 4860 1946 4947 integritate

292 4967 390 5050 longe
413 4965 559 5031 eminet..

399 5076 651 5163 Orthographia,
676 5097 759 5161 5555
782 5076 910 5154 11151151,
935 5073 1055 5138 codicis
1079 5073 1110 5138 G
1134 5075 1265 5138 saeculo
1283 5072 1333 5136 IX
1356 5073 1467 5159 scripti
1491 5075 1678 5139 auctoribus
1703 5077 1826 5140 sacculi
1841 5077 1947 5162 quinti

292 5182 421 5247 obtrudi
446 5202 510 5245 non
534 5180 657 5247 debuit.
702 5182 763 5246 Est
792 5183 877 5247 enim
907 5203 948 5245 ea
978 5181 1045 5245 1515
1069 5201 1152 5265 5555
1182 5181 1312 5244 5555515
1335 5180 1385 5243 IX
1409 5179 1529 5243 usitata
1553 5185 1639 5258 erat,
1670 5180 1812 5264 vestigia
1835 5188 1946 5247 tamen

292 5283 450 5369 quaedam
475 5286 620 5350 retinens
647 5286 897 5370 Merowiugicae
920 5285 1053 5348 rationis
1078 5283 1253 5363 scribendi,
1283 5305 1367 5369 quac
1391 5281 1587 5347 monachum
1611 5283 1829 5367 posteriorem
1853 5287 1946 5373 fuge·

293 5394 377 5452 runt.
426 5386 515 5472 Ego,
544 5389 606 5453 hac
640 5390 910 5454 contaminatione
944 5389 1084 5467 reiecta,
1119 5388 1285 5472 antiquam
1315 5386 1478 5451 scribendi
1511 5385 1781 5451 consuetudinem
1813 5396 1946 5454 secutus

292 5513 374 5556 sum.
432 5491 636 5577 Suppressae
667 5495 699 5557 in
731 5493 941 5558 adnotatione
977 5491 1216 5577 discrepantiae
1255 5491 1528 5577 orthographicas
1566 5490 1732 5576 specimen
1766 5490 1842 5557 huic
1876 5494 1945 5558 loco

292 5616 471 5661 reservam.
