4462 6216
1001 320 1138 377 SlDONll
1157 320 1355 375 cremnon

720 495 908 560 excussisse
933 496 1016 560 citas
1039 500 1167 560 vastum
1191 496 1368 579 perinane
1393 495 1552 583 bipennes

721 600 755 663 ct
778 600 896 684 plagae
920 599 1105 684 praescisse
1128 599 1236 662 lucum
1260 600 1450 686 clipeosque
1473 605 1581 663 rotare

721 700 815 766 ludus
838 709 872 767 et
895 703 1031 767 intortas
1055 701 1254 789 praecedere
1277 702 1415 767 saltibus
1439 702 1551 766 hastas

721 805 819 890 inque
844 805 971 870 hostem
995 807 1125 870 venisse
1148 806 1253 891 prius:
1277 805 1457 891 puerilibus
1481 805 1575 869 annis

651 923 669 961 ⁴2·
722 915 772 972 est
794 908 872 973 belli
895 916 1042 973 maturus
1065 931 1166 974 amor.
1213 911 1240 973 si
1263 912 1347 974 t'ortc
1371 914 1561 995 premantur

723 1033 781 1076 seu
805 1033 941 1077 numero
964 1033 1023 1078 seu
1047 1019 1134 1077 sorte
1158 1014 1232 1090 loci,
1257 1034 1343 1077 nrors
1367 1013 1476 1078 obruit
1499 1012 1584 1091 illos,

721 1137 785 1181 non
808 1118 920 1191 timor;
943 1118 1056 1182 invicti
1079 1125 1228 1203 perstent
1250 1118 1425 1203 animoque
1449 1124 1626 1203 supersunt

721 1221 784 1284 iam
810 1241 912 1305 prope
937 1228 1010 1307 post
1032 1223 1184 1285 anirnam.
1230 1223 1313 1286 tales
1338 1229 1370 1286 te
1394 1228 1480 1286 teste
1502 1221 1629 1307 fugavit

721 1330 755 1388 et
777 1323 930 1388 laudante
954 1325 1050 1388 viros.
1096 1325 1245 1409 quisnam
1270 1326 1373 1390 ierat?
1399 1327 1507 1390 omnia
1530 1333 1649 1399 tecum,

652 1439 675 1479 2⁵
720 1434 753 1493 te
777 1428 847 1493 sine
871 1428 974 1492 multa
996 1428 1083 1494 lacit.
1128 1436 1275 1514 pugnant
1298 1450 1356 1514 pro
1380 1430 1526 1515 principe
1550 1430 1673 1494 cuncti:

722 1552 818 1616 quam
842 1532 953 1608 timeo,
976 1553 1018 1595 ue
1044 1533 1106 1595 iam
1130 1533 1193 1596 iste
1217 1531 1291 1596 sibi!
1327 1534 1353 1595 si
1378 1554 1479 1617 regna
1502 1533 1637 1603 tenebit.

721 1636 796 1700 huic
820 1637 922 1700 vincis
948 1635 1175 1720 quodcumque
1196 1635 1323 1700 domas.
1369 1637 1414 1700 nil
1438 1636 1506 1701 iata
1530 1638 1715 1723 relinquunt

722 1740 773 1804 hic
798 1738 955 1805 medium:
980 1760 1156 1824 percussor
1179 1739 1263 1802 enim
1288 1740 1315 1802 si
1338 1741 1465 1825 respuis
1489 1761 1575 1821 esse.

723 1863 836 1907 servus
859 1842 935 1906 eris.
982 1847 1071 1906 certe
1096 1847 1184 1905 recto
1210 1842 1237 1904 si
1259 1842 1390 1906 tramite
1414 1852 1524 1908 servat

653 1961 677 1997 ‘2⁶'
725 1944 833 2009 sidera
857 1943 1054 2021 Chaldaeus,
1079 1945 1169 2008 novit
1192 1946 1220 2008 si
1244 1946 1393 2029 gramina
1417 1946 1569 2019 Oolchus,

721 2050 851 2134 fulgura
874 2050 901 2113 si
923 2047 1061 2128 Tuscus,
1087 2049 1114 2112 si
1138 2047 1318 2113 Thessalus
1343 2050 1432 2114 elicit
1454 2051 1596 2117 umbras.

724 2156 751 2219 si
774 2153 895 2240 Lyciae
920 2161 1026 2218 sortes
1050 2155 1190 2239 sapiunt,
1215 2154 1242 2217 si
1266 2161 1377 2218 nostra
1400 2155 1508 2218 volatu

725 2261 793 2323 fata
814 2260 966 2323 locuntur
987 2279 1078 2338 aves,
1102 2256 1209 2321 doctis
1232 2257 1395 2322 balatibus
1417 2257 1582 2323 Hammon

724 2363 751 2426 si
776 2368 924 2437 sanctum
949 2361 1009 2425 sub
1034 2360 1130 2446 Syrte
1154 2360 1267 2445 gemit,
1292 2362 1319 2425 si
1342 2360 1483 2446 denique
1507 2382 1619 2425 vemm

654 2482 691 2519 ²³³
723 2465 869 2544 Phoebe,
893 2463 1037 2543 Themis,
1060 2463 1209 2541 Dodona,
1233 2465 1334 2539 canis,
1359 2472 1433 2550 post
1456 2472 1605 2549 tempure
1627 2474 1737 2528 nostra

722 2569 826 2634 Iulius
850 2569 904 2633 hic
927 2569 1098 2653 Augustus
1122 2569 1194 2632 erit.
1242 2569 1433 2632 coniunctus
1456 2589 1567 2633 amore

723 2678 896 2760 praeterea
920 2678 972 2737 est
994 2672 1115 2752 iuveni,
1139 2671 1272 2756 grandis
1296 2692 1392 2756 quem
1415 2672 1549 2757 spiritus
1572 2679 1677 2737 armat

723 2779 810 2863 regis
834 2778 895 2842 avi.
942 2799 1005 2863 quc
1029 2786 1062 2843 te
1087 2784 1218 2843 vertas?
1242 2778 1283 2843 ad
1307 2779 1451 2843 culmina
1473 2778 1584 2844 mundi
1665 2770 1670 2780 ’

725 2881 778 2945 hic
803 2882 905 2946 latum
928 2882 1002 2959 t'ert,
1025 2880 1122 2945 ambe
1146 2881 1301 2947 animum.
1346 2902 1507 2967 consurge
1531 2882 1689 2967 simulque

658 2999 681 3037 ’Δΐ
726 2984 907 3071 aggredere
930 2985 1078 3069 ignaro's;
1102 2991 1253 3051 neutrum
1276 2992 1420 3050 mactare
1444 2984 1579 3065 valebis,

725 3089 752 3152 si
775 3088 891 3153 iubeas
914 3095 1088 3173 utrumque
1112 3089 1209 3164 mori;
1234 3087 1292 3153 scd
1315 3095 1410 3154 necte
1434 3088 1565 3153 dolosae

724 3190 899 3256 blanditias
922 3192 989 3270 uni,
1013 3191 1098 3256 ferro
1122 3198 1231 3256 tamen
1255 3193 1317 3257 iste
1341 3200 1483 3278 petatur.

725 3295 801 3382 quid
824 3297 940 3380 loquor
963 3296 1150 3360 ineassum?
1174 3294 1256 3359 nihil
1272 3302 1333 3369 est,
1357 3295 1443 3380 quod
1466 3301 1558 3359 tanta
1579 3304 1754 3359 cavemus?

725 3406 760 3463 ut
783 3404 908 3483 regnet,
932 3398 1076 3463 victurus
1100 3396 1193 3462 eritl’
1240 3403 1421 3462 commotus
1446 3399 1477 3461 in
1501 3399 1592 3462 iras.

657 3517 693 3554 ι’ῑῑι
727 3501 845 3566 Aetius
870 3501 916 3564 sie
940 3521 1044 3586 pauca
1068 3501 1181 3566 refert:
1212 3504 1396 3586 ‘compesce
1419 3500 1557 3565 furentis

725 3606 826 3691 impia
849 3611 924 3668 vota
946 3605 1061 3669 animi:
1086 3610 1225 3670 mertem
1249 3604 1403 3669 mandare
1427 3604 1543 3670 valebo

725 3709 874 3787 insontis,
898 3715 1026 3773 taceam
1050 3709 1173 3773 nostri?
1200 3709 1415 3794 quisquamne
1440 3714 1599 3794 precatur.

728 3819 765 3877 ut
787 3812 857 3877 sine
882 3812 1073 3877 criminibus
1098 3813 1220 3877 crimen
1243 3813 1300 3876 fiat
1323 3812 1406 3877 bene
1430 3813 1541 3876 nasci?

729 3915 770 3980 ad
793 3936 933 4000 poenam
956 3917 1029 4001 quie
1052 3917 1120 3981 t'ata
1143 3922 1258 3981 vocet?
1282 3922 1338 3982 tua
1360 3917 1488 3982 viscera
1511 3916 1608 3992 forro,

657 4033 668 4070 2'
726 4019 917 4098 Maioriane,
941 4026 1063 4106 petam,
1087 4018 1240 4085 Phoebus
1264 4020 1291 4084 si
1315 4027 1410 4084 nocte
1434 4020 1585 4105 refulget,

726 4123 803 4187 luna
826 4122 891 4200 die,
915 4122 1037 4209 duplex
1061 4129 1159 4209 ponto
1183 4125 1209 4188 si
1234 4125 1380 4209 plaustra
1404 4131 1542 4188 novetur

726 4225 909 4305 Parrhasis,
933 4225 1103 4291 Atlantem
1126 4225 1259 4306 Tanais,
1284 4226 1311 4290 ai
1336 4225 1488 4310 Bagrada
1510 4227 1614 4291 cernit

726 4330 909 4408 Caucason,
933 4329 1093 4416 Hercynii
1117 4332 1259 4396 nemoris
1283 4331 1309 4395 si
1333 4330 1443 4414 stipite
1468 4330 1574 4394 lintris

725 4441 817 4499 texta
839 4433 1047 4499 Nabataeum
1071 4456 1129 4520 pro
1152 4434 1270 4499 Rheno
1295 4435 1401 4499 sulcat
1423 4432 1616 4519 Hydaspen,

656 4553 693 4591 2³³
730 4538 756 4600 si
779 4536 862 4602 bibit
884 4537 1056 4623 Hispanus
1079 4538 1230 4623 Gangem
1254 4537 1440 4624 tepidisque
1463 4538 1504 4601 ab
1528 4537 1677 4621 Erythris

725 4640 765 4705 ad
789 4640 1017 4707 Tartesiacum
1042 4643 1132 4707 venit
1155 4642 1256 4707 Indus
1279 4651 1418 4728 aquator
1440 4642 1612 4707 Hiberum.

727 4747 754 4809 si
779 4768 814 4810 so
836 4746 980 4812 Pollucis
1005 4745 1171 4832 perfundit
1195 4748 1354 4832 sanguine
1378 4746 1506 4811 Castor.

365 4888 559 4897 --—-—-—-..
571 4888 578 4893 .
600 4887 679 4893 -„-..,.
707 4886 775 4892 ——-

464 5021 515 5075 246
533 5024 664 5075 excussisse
682 5024 745 5074 citas
758 5024 805 5087 0²,
823 5041 944 5075 excussos
964 5026 1057 5076 sccitas
1070 5024 1128 5085 dh,
1146 5039 1267 5074 excussos
1279 5024 1371 5074 accitas·
1384 5020 1432 5072 ,11¹¹
1487 5024 1604 5089 bipennis
1616 5023 1648 5073 Μ
1734 5023 1783 5075 241
1803 5042 1946 5091 procreasse
1959 5022 2019 5072 ΜΤ

359 5110 411 5163 248
429 5112 516 5162 hastae
529 5109 561 5159 Μ
688 5106 740 5159 ⁸249
764 5109 882 5161 hosted!
1009 5108 1058 5161 ι251
1079 5109 1184 5162 sorleF
1311 5106 1362 5160 255
1380 5106 1434 5175 pro]
1455 5109 1566 5175 postI'⁸
1662 5112 1747 5162 cerreti
1765 5110 1796 5160 Μ
1802 5109 1807 5174 Ι
1832 5110 1905 5162 multi
1924 5109 2017 5161 Tus'l‘

305 5246 311 5267 ι
358 5195 410 5250 256
434 5198 560 5249 terrebunt
582 5196 629 5246 ll·
772 5193 823 5246 ‘257
851 5197 940 5247 vincas
963 5196 1009 5247 Tr
1150 5194 1202 5247 ⁴de
1225 5213 1361 5262 percursor
1387 5196 1426 5246 θ’
1530 5197 1616 5262 repuis
1635 5197 1660 5248 P
1800 5195 1853 5247 260
1876 5197 1960 5247 colcos
1983 5196 2014 5246 Μ

360 5281 411 5335 ‘261
439 5284 515 5334 elioet
537 5281 569 5331 Μ
704 5280 757 5332 '263
783 5300 831 5333 osor.
851 5282 877 5332 P
1011 5279 1064 5334 ί264
1090 5283 1173 5333 virum
1197 5280 1228 5330 Μ
1363 5281 1414 5333 266
1441 5283 1580 5335 corriuntus
1599 5282 1623 5332 Ι)
1759 5280 1811 5333 269
1837 5299 1974 5350 cumeurge
1992 5282 2017 5333 1‘

358 5368 410 5421 270
431 5371 537 5436 ignarus
553 5367 581 5418 F
681 5365 729 5417 rit
755 5386 803 5420 nec
825 5370 883 5421 tado
907 5370 977 5421 lusas
995 5369 1027 5419 Μ
1128 5365 1223 5419 2721).
1242 5366 1277 5432 u]
1303 5369 1426 5420 blanditia
1443 5378 1504 5420 surrt
1520 5370 1551 5419 Μ
1653 5366 1705 5420 274
1727 5370 1775 5421 orit
1794 5368 1834 5418 1³·
1904 5369 1975 5420 inin
1993 5368 2019 5419 P

359 5454 411 5508 275
427 5456 528 5507 aethius
543 5454 616 5506 codd.
730 5452 781 5506 216
798 5464 879 5508 morte
892 5456 925 5506 Μ
998 5457 1089 5508 voleho
1102 5455 1136 5505 Μ
1245 5451 1295 5504 277
1314 5455 1532 5520 quisquamnell
1641 5454 1693 5507 ‘283
1710 5473 1836 5507 caucason
1854 5456 1883 5508 iu
1899 5454 2015 5506 raam

359 5558 475 5594 nemores
494 5541 525 5590 Μ
655 5538 714 5592 aul.
738 5540 790 5594 ‘285
813 5559 862 5594 our.
883 5542 908 5593 Τ
1034 5540 1086 5594 ‘285
1108 5557 1210 5609 gangen
1228 5540 1284 5592 Mc
1379 5541 1526 5609 tapedisque
1545 5541 1588 5604 Μ,
1612 5544 1728 5609 tepisque
1747 5540 1771 5592 P
1862 5541 1973 5607 errytlris
1990 5540 2019 5592 F

358 5627 411 5679 ‘lut
428 5636 553 5696 aquatuor
573 5631 595 5680 U
