4462 6216
961 321 1271 378 Ham-affl.

654 497 807 563 Ruricius
831 496 950 562 nostris
974 495 1101 561 facibus
1125 494 1277 582 dulcique
1301 518 1429 563 veneno

655 608 761 666 tactus
785 601 929 665 votivum
954 601 1098 686 suspirat
1122 599 1220 665 corde
1244 600 1401 667 dolorem.

603 738 617 757 ›‹
655 713 745 770 esset
767 706 794 768 si
819 725 976 791 praesens
1000 710 1104 785 aetas,
1128 703 1331 790 impenderet
1354 705 1402 768 illi

654 809 808 873 Lemnias
831 808 1015 894 imperium,
1040 805 1161 872 Cressa
1184 812 1311 872 stamen
1334 807 1523 893 labyrinthi,

655 911 790 976 Alceste
814 911 925 1007 vitam,
949 910 1044 975 Circe
1068 910 1198 992 herbas,
1222 932 1319 997 poma
1342 910 1494 997 Calypso,

655 1015 765 1101 Scylla
789 1036 910 1095 comas,
933 1014 1091 1079 Atalante
1112 1015 1226 1101 pedes,
1249 1014 1369 1080 Medea
1391 1016 1528 1097 furores,

654 1118 863 1204 Hippodame
887 1140 990 1199 ceras,
1014 1139 1119 1205 cygno
1141 1118 1220 1184 Iove
1245 1125 1321 1184 nata
1345 1141 1514 1194 coronam;

654 1222 730 1287 huic
752 1222 839 1287 Dido
862 1223 896 1287 in
919 1223 1052 1302 ferrum,
1076 1223 1172 1286 simul
1197 1223 1229 1286 in
1254 1224 1433 1309 suspendia
1455 1224 1589 1310 Phyllis,

654 1326 792 1390 Euadne
816 1327 849 1390 in
873 1327 1019 1391 flammas
1044 1333 1077 1391 et
1101 1326 1228 1391 Sestias
1251 1328 1335 1392 isset
1357 1329 1388 1391 in
1413 1326 1539 1393 undas’

701 1430 764 1495 His
790 1431 871 1495 haec
894 1431 951 1495 illa
974 1431 1088 1495 refert:
1123 1429 1337 1511 ‘Gaudemua
1361 1438 1447 1514 uate,
1472 1432 1628 1496 rebellem

655 1535 741 1619 quod
764 1534 865 1598 vincis
889 1533 1069 1619 laudasque
1092 1535 1213 1609 virum3
1238 1534 1296 1600 sed
1319 1535 1424 1600 forma
1446 1536 1575 1622 puellae
1600 1542 1661 1615 est,

657 1660 753 1724 quam
778 1638 806 1701 si
830 1644 1013 1722 spectasset
1035 1637 1197 1723 quondam
1222 1638 1464 1704 Stheneboeius
1487 1639 1595 1720 heros,

602 1757 625 1794 ³⁵
657 1765 722 1806 non
745 1764 804 1829 pro
827 1748 1016 1828 contemptu
1041 1741 1221 1807 domuisset
1244 1749 1386 1807 monstra
1409 1742 1619 1811 Chimaerae:

655 1845 955 1910 Thermodontiaca
977 1845 1029 1908 vel
1053 1845 1107 1929 qui
1132 1846 1300 1930 genetrice
1324 1846 1485 1931 superbus

654 1950 778 2035 sprevit
801 1948 983 2014 Gnosiacae
1006 1950 1182 2014 temeraria
1203 1956 1280 2013 vota
1302 1970 1475 2030 novercae,

655 2055 715 2118 hac
739 2054 811 2117 visa
837 2052 1014 2132 occiderat,
1038 2054 1153 2133 fateor,
1177 2052 1235 2118 sed
1260 2054 1397 2119 crimine
1420 2076 1513 2129 vero;

654 2165 688 2223 et
712 2159 737 2221 si
762 2157 881 2221 iudicio
904 2157 1014 2221 forsan
1037 2157 1115 2221 milri
1139 2164 1255 2243 quarta
1278 2158 1405 2237 fuisset,

610 2278 617 2309 f
655 2285 707 2328 mc
731 2283 860 2348 quoque
883 2261 1034 2325 Rhoetea
1057 2261 1247 2326 damnasset
1270 2270 1382 2348 pastor
1405 2263 1437 2326 in
1460 2263 1534 2336 lda;

653 2365 805 2431 ‘vincere'
829 2367 882 2429 vel
906 2366 945 2429 ‘si
970 2373 1074 2451 optas,
1098 2366 1193 2430 istam
1216 2367 1268 2447 da,
1292 2367 1388 2448 malo,
1411 2367 1566 2453 puellam‘

654 2471 799 2535 dixerat:
825 2470 908 2535 hano
931 2469 1084 2535 dederam
1109 2471 1248 2534 formam
1272 2492 1330 2557 pro
1355 2492 1488 2536 munere
1512 2473 1649 2537 formae:

654 2581 764 2638 tantus
788 2574 891 2637 honor
914 2574 1098 2658 geniusque
1121 2575 1234 2658 genis:
1258 2576 1375 2639 collata
1398 2575 1507 2640 rubori

652 2677 774 2761 pallida
796 2677 900 2741 blatta
922 2677 1004 2741 latet
1027 2676 1249 2762 depressaque
1273 2677 1395 2742 lumine
1419 2681 1528 2743 vultus

609 2794 620 2829 ε’)
653 2781 844 2865 nigrescunt
867 2781 976 2845 vincto
999 2780 1155 2844 bacarum
1179 2780 1309 2865 fulgura
1332 2782 1426 2845 collo.

652 2891 686 2947 to
709 2903 838 2968 quoque
861 2882 1065 2947 multimodis
1088 2883 1255 2963 ambisset,
1279 2883 1429 2965 Hiberia,
1453 2884 1538 2948 ludis

653 3009 716 3051 axe
739 2986 871 3072 Pelops,
895 3007 992 3050 cursu
1015 2986 1243 3072 Hippomenes
1266 2986 1420 3072 luctaque
1443 2986 1620 3069 Achelous,

653 3092 786 3156 Aeneas
809 3090 917 3170 bellis,
941 3097 1108 3175 spectatus
1132 3092 1287 3175 Gorgone
1310 3090 1467 3165 Perseus;

653 3217 714 3260 nec
737 3196 842 3258 minor
864 3194 946 3259 haec
970 3195 1110 3280 speeies,
1133 3193 1255 3258 totiens
1281 3195 1331 3258 cui
1356 3194 1503 3281 Iuppiter
1526 3204 1615 3262 osset

654 3298 761 3375 Delia,
785 3305 908 3380 taums,
933 3299 1013 3376 olor,
1038 3305 1178 3383 satyrus,
1203 3299 1311 3377 draco,
1335 3298 1458 3365 fulmen
1482 3307 1516 3364 et
1538 3322 1664 3367 aurum.

653 3425 753 3489 quare
778 3424 851 3488 age,
873 3403 1066 3487 iungantur;
1089 3423 1164 3466 nam
1188 3422 1315 3483 census,
1338 3404 1442 3468 forma
1465 3425 1633 3490 genusque

653 3508 862 3572 conveniunt:
886 3508 932 3571 nil
955 3507 1007 3571 hic
1031 3507 1143 3594 dispar
1166 3516 1221 3572 tua
1244 3508 1316 3572 fixit
1338 3507 1474 3572 arundo.

653 3613 709 3678 sed
735 3613 812 3698 quid
836 3620 911 3677 vota
930 3611 1071 3677 moror?'
1117 3612 1200 3676 dixit
1222 3633 1415 3698 currumque
1439 3613 1600 3698 poposcit,

652 3718 703 3782 cui
728 3717 888 3781 dederant
912 3717 1066 3801 crystalla
1088 3718 1211 3801 iugum,
1236 3737 1320 3802 quae
1344 3715 1466 3800 frigore
1490 3716 1603 3802 primo,

597 3838 620 3874 ω’·
654 3821 741 3885 orbis
766 3820 872 3884 adhuc
896 3822 1001 3885 teneri
1026 3821 1149 3905 glacies
1172 3821 1227 3885 ubi
1253 3819 1424 3885 Caucason
1448 3827 1555 3904 auget,

652 3926 784 3988 strinxit
805 3923 1033 4010 Hyperboreis
1058 3923 1229 3988 Tanaitica
1252 3931 1363 3988 crusta
1385 3924 1511 4009 pruinis

652 4034 801 4093 naturam
825 4048 957 4091 sumens
980 4047 1141 4111 gemmae,
1166 4028 1242 4111 quia
1265 4027 1406 4112 perdidit
1429 4026 1547 4092 undae.

651 4133 797 4218 perforat
820 4131 904 4196 hauc
928 4132 1017 4196 fulvo
1041 4131 1200 4195 formatus
1223 4138 1311 4194 temo
1334 4131 1483 4206 metallo;

652 4238 787 4302 miserat
810 4237 872 4302 hoc
896 4238 1024 4315 fluvius,
1050 4239 1142 4301 cuius
1165 4237 1226 4301 sub
1250 4238 1381 4322 gurgite
1404 4237 1576 4323 Nymphae

596 4362 601 4389 ¹
655 4341 866 4428 Mygdonium
891 4341 1002 4406 fovere
1026 4341 1158 4416 Midam,
1182 4343 1236 4427 qui
1261 4363 1387 4428 pauper
1409 4342 1441 4404 in
1465 4362 1544 4405 auro

651 4445 767 4509 ditavit
790 4445 894 4509 versis
917 4445 1044 4509 Pactoli
1066 4444 1200 4508 flumina
1223 4445 1319 4508 votis.

652 4549 805 4635 splendet
828 4549 1002 4635 perspicuo
1026 4548 1134 4613 radios
1158 4555 1229 4612 rota
1253 4547 1399 4633 margine
1422 4547 1558 4632 cingens

651 4653 865 4717 Marmaricae
889 4652 930 4717 dc
954 4652 1048 4717 fauce
1072 4651 1172 4734 ferae,
1195 4653 1272 4716 dum
1296 4652 1395 4716 belua
1418 4651 1524 4715 curvis

651 4756 805 4821 dentibus
829 4758 977 4821 excussis
1001 4757 1103 4842 gemit
1126 4756 1327 4821 exarmarier
1351 4775 1423 4821 ora:

286 4906 369 4912 ——..
391 4908 409 4912 ...
424 4903 568 4911 -..η’-...-

386 5037 420 5088 63
438 5040 544 5090 ruritius
564 5037 609 5088 ΟΡ
709 5033 744 5087 64
762 5036 855 5087 Factus
871 5036 905 5087 0¹
1011 5034 1045 5088 66
1064 5042 1148 5087 tamen
1166 5034 1201 5083 T*
1273 5033 1418 5100 labcryuthi
1437 5031 1512 5087 codd.
1617 5031 1650 5085 67
1668 5035 1789 5087 alcestem
1803 5033 1850 5096 0⁸,
1870 5034 1895 5084 al
1914 5042 1939 5085 te

284 5135 349 5193 spat.
368 5127 445 5176 frium
464 5127 510 5177 litt.
527 5142 582 5174 coc.
595 5123 620 5173 P
681 5139 753 5174 ceree
766 5122 794 5173 Ρ
887 5119 921 5174 68
937 5121 1120 5175 athletautaF
1213 5118 1247 5172 70
1265 5119 1374 5171 fellisP
1466 5119 1497 5170 71
1516 5120 1721 5172 euueuneeodd.
1819 5118 1853 5172 73
1870 5120 1939 5186 qnod

284 5221 310 5264 et
328 5214 410 5263 vincis
430 5212 468 5263 (ya
572 5207 606 5261 74
624 5210 753 5277 quondam
772 5209 798 5259 ia
818 5226 871 5259 ree.
887 5206 928 5261 Cl
1032 5206 1065 5259 75
1084 5226 1130 5276 pro
1148 5216 1227 5260 contu
1245 5205 1272 5257 P
1338 5207 1488 5259 Chimaerae
1504 5209 1596 5274 sarl90‚‘
1620 5209 1713 5259 cietrae
1726 5207 1779 5272 PC,
1797 5208 1875 5259 ciotre
1893 5205 1943 5256 PF

285 5298 319 5352 78
337 5301 394 5351 nisa
415 5300 450 5350 (¹¹
557 5295 589 5347 79
607 5316 641 5346 cu
662 5295 707 5364 [iu]
725 5295 839 5348 iudicio?
943 5295 974 5347 81
994 5298 1025 5348 de
1044 5297 1073 5346 F
1171 5294 1206 5347 82
1224 5291 1345 5347 dederam
1364 5295 1392 5346 F
1499 5293 1533 5345 85
1550 5295 1700 5362 pigrescunt
1717 5293 1746 5344 F
1811 5293 1942 5344 iuncfoC

285 5388 437 5438 lraechorum
457 5385 531 5436 codd.
652 5381 685 5433 87
707 5383 809 5433 achelos
828 5382 853 5433 P
968 5381 1002 5433 88
1024 5380 1137 5449 perseus]
1160 5399 1281 5449 praescus
1300 5380 1328 5431 F
1448 5378 1482 5430 89
1505 5380 1584 5431 totins
1602 5378 1628 5429 P
1745 5375 1780 5429 90
1803 5395 1898 5429 carmus
1916 5378 1942 5429 P

284 5470 318 5523 92
337 5474 396 5523 hinc
415 5473 440 5522 P
518 5481 561 5522 lua
581 5471 666 5537 dispar
684 5469 712 5519 F
822 5467 856 5519 94
874 5469 924 5532 Qui
942 5475 970 5518 ut
987 5468 1037 5518 aid.
1052 5469 1086 5519 0¹
1200 5466 1234 5518 95
1251 5467 1365 5535 glaucias
1383 5483 1408 5517 u.
1428 5482 1549 5517 caucasor
1568 5464 1596 5515 F
1708 5463 1740 5516 97
1759 5482 1891 5516 summoue
1911 5464 1938 5526 C,

284 5577 389 5611 srrrnans
407 5558 435 5608 P
553 5554 587 5607 98
605 5556 725 5623 periforat
743 5554 769 5606 P
847 5554 983 5607 caliace?
1104 5552 1137 5605 00
1155 5555 1233 5606 fluvia
1251 5553 1277 5603 P
1397 5549 1607 5604 1001066100ιι
1731 5549 1778 5603 101
1799 5551 1943 5619 pactoliiC

284 5649 351 5702 nolis
371 5646 399 5697 Ρ
500 5641 549 5694 102
568 5638 699 5711 perspimo
718 5643 749 5699 Ρ,
767 5644 902 5710 perspicue
922 5642 945 5694 (¹
1048 5640 1097 5693 104
1115 5642 1244 5693 mentibus
1263 5639 1291 5690 Ρ
1357 5638 1460 5690 excusis
1478 5639 1520 5689 P·
