4462 6216
848 352 955 407 LIBER
973 352 995 416 Ι,
1020 352 1071 407 VH
1089 353 1105 419 fi
1124 353 1138 408 1
1157 381 1191 389 -
1210 350 1234 405 X
1253 351 1269 418 ξ
1286 351 1312 403 4.
1840 352 1902 413 305

257 524 474 601 voluntatem,
505 545 601 609 quam
626 525 764 590 diversis
789 526 1014 592 occasionibus
1038 531 1070 588 te
1094 525 1229 591 elimare
1253 524 1443 598 contendat,
1460 544 1569 607 ,quam
1597 523 1656 587 tibi
1680 523 1780 587 otiam
1804 521 1904 586 invito
1954 523 1995 595 'G

255 626 423 711 spiritales
447 628 536 693 cibos
560 631 667 694 soleat
690 631 795 694 bonus
818 636 931 716 pastor
952 629 1128 714 ingerere„
1152 628 1355 708 mihicrede,
1379 629 1452 713 plus
1468 628 1537 706 tibi,
1562 628 1589 692 si
1605 627 1784 706 distuleris,
1807 646 1904 709 quam

257 731 478 811 transtuleris,
512 733 700 819 imputabit,
733 735 810 819 quia
836 733 992 799 studiosis
1019 734 1128 797 lavere
1155 753 1219 799 uon
1246 731 1390 797 invidere
1419 731 1597 795 cousuevit.
1643 731 1693 794 his
1723 735 1756 794 et
1783 727 1903 795 talibus
1936 729 1954 790 'l

257 832 384 896 silentis
406 835 557 920 alloquiis
580 836 614 900 in
635 838 765 903 vincula
788 839 858 902 eius
882 859 934 901 me
957 837 1158 901 voluntarius
1181 837 1304 921 pariter
1328 842 1361 900 et
1384 842 1516 899 coaetus
1540 831 1680 922 [sponte]
1705 832 1838 910 conieci,
1862 831 1903 895 ad

218 950 229 986 ⁵
258 938 510 1022 exemplandum
540 960 614 1005 oum
642 942 780 1006 festinus
811 943 950 1022 accessi,
986 952 1083 1025 qu'em
1112 951 1197 1005 nune
1227 946 1351 1019 utrum,
1389 938 1474 1002 sicut
1503 945 1572 1017 est,
1606 938 1833 1022 transcriptum
1864 956 1904 999 an

259 1039 458 1126 disparatum
476 1041 613 1109 reddero
629 1043 778 1126 debeam,
801 1046 834 1108 in
851 1052 960 1109 vestro
983 1044 1105 1130 pendet
1127 1044 1273 1110 arbitrio.
1309 1065 1369 1127 ego
1393 1050 1502 1107 tamen
1525 1042 1632 1106 libens
1657 1041 1791 1105 multam
1807 1060 1903 1124 quam
1935 1040 1956 1102 8

257 1144 431 1217 intuleritis
455 1148 627 1233 excipiam,
650 1148 726 1234 quia
748 1149 926 1215 remedium
951 1169 1060 1213 meum
1076 1155 1221 1215 vestrum
1244 1146 1342 1214 credo
1365 1167 1437 1213 esse
1461 1146 1628 1211 decretum
1652 1130 1686 1211 et
1708 1143 1905 1208 sententiam

258 1255 397 1320 nestram
421 1250 595 1315 medellam
618 1252 702 1318 duco
725 1274 885 1320 essenon
909 1274 1071 1339 poenam..
1655 1258 1659 1263 ’

1052 1511 1112 1578 ΙΧ.

477 1646 654 1712 DOMINO
682 1648 927 1714 PEOULIARI
959 1648 1006 1712 IN
1036 1648 1245 1727 CHRISTO,
1275 1649 1451 1713 DOMINO
1482 1646 1692 1712 PATRONO

874 1753 1058 1818 SIDONIO
1080 1752 1306 1819 RURIOIUS.

361 1864 425 1958 Ira
449 1916 501 1960 mo
523 1919 639 1963 recens
661 1898 861 1984 praedicatio
885 1906 918 1965 et
940 1901 1074 1985 antiqua
1095 1898 1227 1964 dilectio
1251 1906 1380 1964 vestrae
1404 1900 1535 1985 pictatis
1558 1899 1686 1979 inlexit,
1709 1903 1746 1960 ut
1765 1895 1903 1965 audeam
1940 1896 1952 1956 l

258 1996 393 2060 auribus
417 2000 535 2064 vestris
558 2002 687 2088 ineptiis
714 2004 796 2068 meis
823 2005 932 2069 faeere
965 2004 1096 2090 saepius
1129 2004 1296 2084 iniuriam,
1329 2003 1404 2067 durn
1427 2011 1585 2081 vestram,
1617 2006 1772 2086 quantum
1802 1999 1905 2064 sterili

258 2099 423 2184 ingeniolo
446 2104 643 2186 conceditur,
668 2108 827 2192 attingere
850 2108 945 2193 euplo
969 2106 1185 2193 disciplinam.
1224 2128 1321 2192 quam
1345 2108 1408 2172 etsi
1430 2106 1561 2190 assequi
1585 2104 1709 2190 grande
1733 2109 1904 2189 astatque
1937 2104 1956 2164 2

206 2215 230 2251 1⁵
258 2202 406 2285 difficile,
438 2207 531 2293 sequi
560 2216 670 2273 tamen
699 2211 871 2296 pulchrum
900 2218 952 2275 est
981 2216 1079 2296 atque
1112 2211 1264 2290 sublime,
1296 2211 1446 2295 quoniam
1479 2228 1677 2273 summarum
1707 2228 1814 2272 rerum
1838 2226 1903 2270 non

209 2331 213 2343 ·
258 2305 390 2392 adeptio
413 2316 550 2393 tanturn,
574 2313 632 2378 sed
656 2315 755 2378 etiarn
779 2315 918 2379 imitatio
942 2315 1014 2401 ipsa
1035 2313 1201 2379 laudanda
1224 2318 1289 2389 est;
1312 2314 1389 2397 quia
1411 2333 1587 2398 numquam
1610 2312 1678 2376 fere
1698 2310 1816 2395 aliquis
1833 2310 1903 2374 eius

256 2409 306 2475 rei
328 2414 473 2496 portione
497 2415 538 2480 ad
561 2417 722 2502 integrum
747 2424 845 2496 earet,
868 2417 909 2482 ad
936 2438 1031 2504 quam
1057 2418 1215 2483 scandere
1238 2438 1277 2482 ae
1297 2417 1471 2504 pervenire
1493 2416 1708 2483 contenderit.
1751 2414 1901 2480 desidero
1935 2416 1954 2478 3

257 2513 382 2599 itaque,
414 2517 541 2583 domine
564 2522 622 2599 mi,
653 2519 820 2597 desidero,
848 2522 995 2607 inquam,
1027 2521 1091 2586 tuis
1115 2520 1196 2586 cibis
1218 2521 1322 2601 refici,
1354 2527 1409 2585 tno
1431 2521 1522 2585 fonte
1544 2519 1667 2606 potari,
1697 2519 1761 2583 tuis
1783 2518 1904 2604 repleri

257 2616 410 2703 dapibus,
443 2623 506 2686 tuis
536 2625 640 2709 epulis
671 2627 832 2711 saginari:
869 2649 950 2713 quas
981 2628 1008 2692 si
1038 2628 1123 2712 quis,
1155 2625 1427 2691 distribuentibus
1457 2625 1568 2706 vobis,
1599 2646 1664 2689 non
1692 2644 1818 2688 summo
1847 2643 1903 2686 ore

205 2733 232 2772 20
259 2721 419 2803 libaverit,
443 2726 502 2791 sed
525 2730 602 2792 totis
626 2730 754 2795 animae
779 2731 961 2796 visceribus
985 2737 1146 2817 appetens
1170 2730 1307 2795 conviva
1331 2730 1495 2794 sorbuerit
1518 2734 1615 2812 atque
1632 2727 1746 2790 intimo
1761 2725 1905 2812 pectoris

257 2826 462 2909 postmodum
486 2831 618 2895 easdem
641 2834 860 2898 ruminaturus
884 2832 1108 2913 absconderit,
1137 2833 1273 2918 incipiet
1297 2832 1437 2897 assiduis
1460 2831 1696 2896 ructationibus
1719 2830 1752 2893 in
1774 2828 1904 2893 laudem

258 2926 379 2993 domini
404 2935 634 3019 omnipotentis
658 2957 828 3022 erumpere
850 2938 992 3003 refertus
1009 2937 1117 3017 eorde,
1140 2958 1197 3001 ore
1212 2937 1353 3014 ieiunus,
1376 2936 1452 3000 dum
1470 2941 1561 2999 satur
1576 2934 1679 2998 esurit
1694 2939 1727 2997 et
1743 2937 1906 2996 saturatur

258 3033 420 3115 esuriens,
451 3038 557 3122 magis
585 3040 617 3103 in
647 3041 894 3125 regeneratione
917 3041 1123 3106 saturandus.
1168 3035 1372 3105 nec'deesse
1396 3039 1515 3125 poterit
1537 3037 1645 3115 cibus,
1676 3036 1768 3101 cuius
1790 3040 1904 3120 pastus

258 3135 291 3198 in
320 3137 419 3201 verbo
449 3147 509 3206 est.
554 3149 590 3207 ut
620 3165 698 3229 ergo
730 3144 844 3209 harum
875 3144 1067 3210 deliciarum
1097 3145 1260 3230 particeps
1293 3165 1368 3208 esse
1398 3163 1537 3222 merear,
1568 3141 1685 3205 restris
1716 3138 1905 3225 patrociniis
1937 3142 1955 3201 4

207 3252 232 3292 2⁵
259 3240 402 3307 obtinete
426 3245 569 3330 mihique
592 3269 691 3333 supra
712 3269 900 3313 mensuram
923 3249 1038 3312 virium
1061 3248 1215 3312 conitenti
1244 3247 1457 3311 auxiliatores
1486 3245 1632 3311 accedite
1663 3245 1839 3328 simulque,
1869 3247 1905 3305 ut

259 3344 301 3408 ab
325 3346 402 3409 ovili
425 3348 518 3413 vobis
541 3349 663 3415 credito
686 3372 751 3416 non
774 3352 922 3417 inveniar
944 3352 1079 3431 alienus,
1105 3356 1194 3414 orate
1218 3355 1446 3435 errantemque
1469 3371 1563 3413 ovem
1585 3370 1605 3412 a
1626 3347 1758 3433 pascuis
1783 3346 1905 3410 saeculi

258 3448 300 3511 ad
323 3451 433 3515 caulas
457 3450 633 3518 dominicas
657 3461 836 3542 reportate,
869 3457 944 3540 quia
967 3455 1110 3536 conlido,
1142 3453 1226 3541 quod
1250 3454 1536 3519 intercessionibus
1559 3453 1678 3517 vestris
1705 3452 1776 3515 lieri
1803 3450 1907 3537 possit

255 3574 374 3637 agnus,
398 3557 453 3640 qui
476 3564 586 3622 vester
608 3561 763 3625 meruerit
786 3558 1071 3646 essediseipulus.

1063 3838 1106 3902 X.

629 3974 805 4038 DOMINO
830 3972 1049 4039 PECTORIS
1074 3973 1145 4038 SUI
1168 3972 1287 4037 LUPO
1311 3971 1537 4038 RURIOIUS.

365 4090 499 4182 Accam
523 4120 648 4185 litteras
669 4122 944 4206 magnanimitatIs
959 4127 1046 4204 tuae,
1070 4122 1187 4208 quibus
1205 4141 1363 4185 excusare
1380 4121 1536 4206 dignaris,
1561 4118 1657 4205 quod,
1680 4126 1718 4181 ut
1733 4140 1784 4182 me
1803 4117 1906 4180 rarius
1943 4120 1955 4179 l

262 4222 469 4306 eloquentiae
493 4229 568 4287 tuae
592 4245 665 4288 rore
688 4246 871 4312 respergas,
895 4225 999 4289 baiuli
1021 4225 1120 4288 faciat
1142 4224 1267 4310 inopia;
1292 4224 1451 4310 simulque
1476 4225 1574 4288 etiam
1598 4221 1720 4286 indicas
1737 4227 1769 4285 te
1786 4216 1907 4297 mirari,

261 4345 332 4402 our,
363 4347 436 4389 cum
464 4326 543 4389 mibi
567 4349 678 4392 eorum
701 4330 886 4414 frequentia
909 4332 1076 4413 suppetat,
1106 4327 1282 4392 verborum
1305 4348 1432 4412 quoque
1456 4328 1548 4412 eopia
1571 4332 1701 4411 compta
1723 4344 1787 4387 non
1811 4321 1906 4401 desit,

262 4428 354 4492 vobis
379 4429 521 4494 scribere
546 4433 676 4517 saepius
700 4433 889 4497 detrectem.
928 4431 1014 4517 quod
1038 4452 1096 4496 vos
1119 4451 1180 4517 per
1202 4431 1348 4512 ironiam,
1372 4438 1407 4495 ut
1430 4439 1480 4495 est
1495 4430 1615 4517 leporis
1632 4429 1730 4492 vestri
1746 4425 1907 4505 facundia,
1940 4427 1959 4487 2

209 4542 233 4581 ³⁵
261 4531 400 4596 iactasse
425 4554 489 4597 non
512 4535 654 4619 ambigo,
683 4558 755 4600 eum
779 4543 813 4602 et
835 4558 892 4601 vos
916 4534 1092 4600 abundetis
1113 4534 1295 4599 tabellariis
1320 4541 1354 4598 et
1376 4557 1427 4599 me
1452 4536 1562 4600 sciatis
1585 4532 1734 4597 laborare
1758 4536 1907 4615 egestate

262 4638 421 4700 sermonis
452 4659 490 4701 ae
519 4640 689 4704 sterilitate
719 4641 815 4704 exilis
847 4640 970 4725 ingenii
998 4639 1089 4704 velut
1118 4638 1251 4702 aestivis
1281 4639 1449 4703 mensibus
1484 4637 1607 4702 arentis
1637 4656 1742 4700 venae
1776 4655 1907 4698 cursum

262 4737 389 4821 sudare,
412 4763 478 4804 non
500 4742 613 4808 fluere.
658 4742 829 4809 addidistis
852 4744 961 4821 etiam,
985 4744 1069 4808 sieut
1083 4742 1206 4806 Achilli
1229 4742 1417 4808 Patroclum
1442 4748 1499 4806 aut
1514 4741 1651 4806 Herculi
1667 4739 1831 4804 Theseum
1856 4738 1909 4801 vel
1940 4739 1959 4800 3

261 4840 387 4907 Theseo
411 4844 603 4924 Pirithoum,
635 4847 681 4910 ita
703 4868 759 4911 vos
790 4847 868 4911 mihi
890 4846 1011 4912 debere
1034 4845 1161 4911 sociari.
1207 4846 1240 4910 in
1264 4846 1314 4910 his
1337 4844 1455 4909 fabulis
1479 4844 1638 4930 laetisque
1660 4843 1820 4908 maiorum
1843 4861 1908 4905 non
1941 4843 1960 4903 4

261 4950 523 5032 praerogativam
545 4971 771 5035 personarum,
800 4951 858 5016 sed
882 4951 1160 5036 comparationem
1182 4949 1339 5014 debemus
1363 4948 1549 5014 dilectionis
1573 4949 1737 5035 accipere,
1767 4952 1803 5010 ut
1825 4947 1907 5010 anti·

263 5080 407 5088 ——--——

366 5157 378 5208 l
399 5160 594 5210 occansionihus
613 5156 638 5210 G
743 5159 759 5210 4
778 5155 929 5212 uinculisG
998 5157 1098 5227 sponte]
1119 5155 1153 5224 G,
1174 5161 1264 5212 &lecit
1282 5159 1424 5210 Mommsen
1526 5153 1640 5221 bourie]
1659 5154 1818 5221 Ialtt'obona,
1842 5161 1861 5205 1'1
1876 5151 1909 5217 G,

261 5244 346 5295 nescio
361 5245 478 5295 thobias
541 5247 608 5297 sieut
625 5255 664 5298 est
682 5255 796 5313 paratum
817 5263 851 5298 an
869 5246 946 5297 simul
964 5246 1146 5313 transcriptum
1160 5247 1265 5297 reddere
1278 5246 1343 5298 coni.
1355 5244 1497 5296 Mornmsen
1596 5238 1797 5308 lidispsratum]
1811 5241 1910 5306 scripsi,

259 5326 391 5396 liparutum
411 5327 436 5381 G
522 5330 655 5398 penditG
780 5332 797 5383 9
822 5324 871 5399 ΙΧ]
896 5332 1001 5384 Ruricio
1027 5331 1151 5383 Sidonius
1173 5350 1211 5398 ep.
1233 5332 1318 5396 VIII,
1338 5338 1382 5395 10,
1407 5348 1488 5396 supro
1506 5349 1535 5396 p.
1554 5332 1603 5382 138
1627 5327 1788 5394 respondisse
1809 5326 1909 5378 uidene

262 5413 295 5466 12
305 5417 406 5468 delictio
415 5414 440 5468 G
530 5417 562 5469 lli
572 5420 632 5470 flere
643 5415 669 5470 G
757 5416 789 5469 17
798 5420 940 5486 portionem
949 5415 974 5470 G
1060 5416 1094 5470 18
1103 5419 1166 5469 mihi
1176 5414 1202 5469 G
1288 5416 1322 5468 22
1333 5413 1473 5469 relerturG
1559 5414 1593 5467 23
1602 5411 1683 5478 cibus]
1697 5414 1773 5464 ciuus
1784 5413 1812 5462 io
1820 5429 1874 5462 raa.
1885 5409 1911 5463 G

262 5511 349 5569 partus
360 5500 386 5554 G
471 5501 505 5554 24
523 5502 560 5569 ut]
575 5502 635 5556 &G
721 5503 755 5555 25
772 5506 900 5556 accedite·
911 5502 937 5556 G
988 5501 1027 5570 ut]
1041 5504 1199 5570 Lr'ttjobaaa,
1215 5512 1242 5556 et
1254 5501 1280 5554 G
1365 5501 1400 5554 30
1413 5503 1523 5569 pectoris
1538 5498 1588 5568 sui]
1601 5501 1700 5567 scripsi,
1718 5499 1814 5566 pectori
1826 5515 1873 5549 suo
1884 5495 1910 5549 G

261 5589 295 5643 32
312 5589 402 5657 baiuli]
422 5609 439 5644 u
458 5601 480 5642 ct
498 5593 506 5642 i
523 5593 551 5643 ia
564 5593 644 5644 lituro
658 5589 684 5644 G
771 5589 821 5644 ’34
838 5593 942 5644 hircina
956 5588 982 5642 G
1086 5589 1120 5644 36
1137 5592 1252 5644 aestiuus
1266 5587 1292 5642 G
1394 5585 1428 5641 37
1447 5589 1540 5641 bireuli
1555 5583 1581 5638 G
1683 5583 1718 5637 39
1735 5581 1907 5650 antiquorum]

261 5678 420 5746 bajolans,
437 5680 576 5730 amicorum
596 5676 621 5730 G
1869 5676 1871 5680 ’

366 5797 493 5853 Sruomus.
1670 5789 1705 5842 39
