4462 6216
790 337 898 394 nmen
915 303 1219 409 vunan-eas.
1771 343 1832 406 109

182 533 245 598 quo
268 518 303 576 tu
326 511 522 597 spiritalium
546 509 804 576 testimoniorum
825 531 980 577 mucrone
997 497 1194 593 confoderis,
1218 517 1350 578 servata
1366 520 1549 579 ceterorum
1564 519 1630 578 tam
1647 514 1834 580 reverentia

183 636 280 701 quam
296 635 377 701 pace
393 614 583 700 pontificum
599 634 665 678 non
680 614 799 679 iniuria
814 613 872 679 tibi
885 615 1000 696 defleo,
1018 615 1157 702 qualiter
1170 616 1408 682 ecclesiasticas
1424 619 1535 683 caulas
1548 618 1642 683 istius
1653 616 1832 683 haereseos

180 720 287 806 lupus,
311 718 366 804 qui
389 717 535 804 peccatis
551 717 760 802 pereuntium
777 718 946 802 saginatur
961 720 1151 799 animarum,
1175 719 1377 786 clandestino
1395 742 1504 787 morsu
1519 721 1659 787 necdum
1674 721 1835 786 intellecti

182 822 289 888 dentis
312 821 453 887 arrodat.
496 841 636 907 namque
660 820 764 885 hostis
787 823 952 908 antiquus,
976 845 1040 909 quo
1064 823 1192 889 facilins
1215 825 1350 889 insultet
1373 824 1538 890 balatibus
1562 825 1671 889 ovium
1694 823 1831 889 destitu-
1865 827 1884 887 3

141 943 153 979 ι
183 931 303 1006 tarum,
332 924 564 990 dormitantum
593 923 683 1011 prius
710 924 825 1012 incipit
855 925 1039 991 cervicibus
1066 928 1236 993 imminere
1260 934 1438 1015 pastorum.
1483 948 1590 1014 neque
1614 948 1676 1012 ego
1699 928 1745 992 ita
1767 927 1832 994 mei

181 1031 364 1096 meminens
398 1051 463 1094 non
493 1051 580 1108 sum,
614 1034 651 1094 ut
678 1048 886 1115 nequaquam
916 1050 967 1094 me
997 1029 1084 1095 hunc
1114 1051 1189 1097 esse
1217 1031 1418 1110 reminiscar,
1454 1052 1551 1118 quem
1584 1031 1693 1116 longis
1726 1030 1833 1096 adhuc

181 1133 344 1198 abluenda
367 1134 497 1198 fletibus
522 1132 724 1198 conscientia
746 1138 890 1218 premat3
914 1132 1006 1197 cuins
1030 1137 1177 1199 stercora
1199 1140 1311 1201 tamen
1334 1135 1394 1201 sub
1417 1157 1480 1222 ope
1496 1133 1617 1199 Christi
1635 1134 1830 1220 quaudoque

181 1238 327 1324 mysticis
357 1239 541 1303 orationum
572 1245 699 1302 tuarum
727 1236 841 1300 rastris
873 1236 1143 1303 eruderabuntur.
1190 1237 1249 1303 sed
1276 1240 1430 1324 quoniam
1464 1239 1686 1325 supereminet
1714 1237 1832 1323 privati

181 1347 292 1407 reatus
314 1341 544 1407 verecundiam
568 1341 702 1427 publica
725 1340 830 1420 salus,
858 1360 924 1404 uon
947 1340 1096 1421 verebor,
1121 1341 1184 1405 etsi
1208 1349 1320 1429 carpat
1342 1343 1449 1407 zelum
1472 1343 1505 1407 in
1528 1363 1580 1407 me
1602 1341 1679 1407 fidei
1702 1340 1833 1406 sinister

130 1461 155 1499 1⁰
181 1445 354 1533 interpres,
380 1445 441 1510 sub
464 1445 618 1510 vanitatis
641 1443 764 1509 invidia
785 1463 917 1508 causam
939 1442 1080 1530 prodere
1102 1445 1262 1511 veritatis.
1297 1444 1430 1525 Evarix,
1454 1467 1513 1510 rex
1530 1443 1722 1525 Gothorum,
1745 1443 1832 1530 quod
1864 1448 1884 1508 4

181 1548 316 1615 limitem
348 1551 441 1634 regni
471 1549 521 1613 sui
552 1554 647 1635 rupto
680 1548 905 1635 dissolutoque
936 1549 1068 1616 foedere
1097 1552 1231 1638 antiquo
1259 1552 1313 1617 vel
1340 1557 1464 1616 tutatur
1492 1572 1653 1617 armorum
1684 1552 1755 1617 iure
1779 1551 1833 1616 vel

181 1659 367 1740 promovet,
400 1676 462 1719 nec
492 1653 587 1718 nobis
615 1652 844 1739 peccatoribus
875 1654 928 1718 hic
954 1675 1111 1720 accusare
1140 1676 1201 1721 nec
1223 1655 1317 1721 vobis
1347 1655 1469 1720 sanctis
1493 1656 1546 1720 hio
1569 1654 1734 1721 discutere
1757 1675 1833 1740 per-

181 1757 315 1822 missum
340 1762 400 1822 est.
439 1757 514 1841 quin
539 1758 657 1844 potius,
681 1758 709 1821 si
731 1759 889 1843 requiras,
914 1758 1035 1824 ordinis
1058 1780 1109 1825 res
1133 1768 1195 1842 est,
1220 1768 1257 1825 ut
1277 1767 1311 1826 et
1330 1760 1423 1826 dives
1439 1760 1492 1826 hic
1508 1783 1653 1848 purpura
1667 1759 1832 1847 byssoque

180 1856 308 1926 veletur
336 1866 370 1925 et
392 1859 536 1925 Lazarus
564 1859 616 1925 hio
647 1860 814 1925 ulceribus
838 1867 871 1925 et
893 1867 1087 1948 paupertate
1110 1864 1259 1939 feriatum
1293 1863 1416 1930 ordinis
1439 1886 1493 1929 res
1517 1870 1582 1945 est,
1615 1870 1667 1943 ut,
1699 1863 1831 1928 durnin

130 1981 153 2019 ¹³
182 1964 243 2028 hac
278 1963 458 2049 allegorica
491 1982 659 2028 versamur
689 1964 859 2050 Aegypto,
893 1964 1021 2031 Pharao
1056 1966 1187 2032 incedat
1223 1989 1296 2032 cum
1331 1967 1531 2048 diademate,
1570 1966 1723 2032 Israelita
1758 1986 1832 2030 cum

181 2069 338 2155 cophino;
367 2067 488 2133 ordinis
512 2089 564 2132 res
589 2074 649 2143 est,
673 2074 720 2146 ut,
743 2066 821 2131 dum
843 2069 876 2131 in
902 2068 962 2133 hac
985 2069 1144 2155 figuratae
1168 2070 1348 2156 Babylonis
1372 2071 1504 2137 lomace
1527 2070 1749 2154 decoquimur,
1772 2090 1831 2134 nos

180 2194 252 2238 oum
281 2173 423 2238 Ieremia
460 2172 641 2260 spiritalem
669 2171 849 2237 Ierusalem
888 2173 1074 2260 suspiriosis
1105 2175 1298 2261 plangamus
1335 2175 1515 2240 ululatibus
1550 2180 1584 2238 ct
1609 2173 1715 2239 Assur
1743 2173 1831 2237 fastu

179 2277 270 2362 regio
293 2283 410 2341 tonans
434 2282 619 2341 sanctorum
643 2282 756 2340 sancta
778 2277 957 2362 proculcet.
995 2277 1113 2363 quibus
1138 2300 1199 2363 ego
1221 2285 1432 2365 praesentum
1455 2277 1702 2363 futurarumque
1725 2276 1831 2342 becti-
1863 2278 1883 2340 5

181 2379 331 2445 tudinum
348 2378 628 2444 vicissitudinibus
652 2379 807 2464 inspectis
830 2382 1014 2446 communia
1036 2383 1216 2468 patientius
1238 2382 1443 2448 incommoda
1464 2382 1549 2457 fcro;
1572 2381 1721 2468 primum,
1746 2379 1832 2466 quod

127 2498 154 2537 20
181 2483 261 2547 mihi
284 2504 368 2569 quae
392 2503 522 2548 merear
546 2482 785 2568 introspicienti
808 2504 1032 2569 quaecumque
1057 2485 1197 2551 adversa
1212 2486 1425 2573 provenerint
1440 2485 1565 2551 leviora
1579 2484 1832 2570 reputabuntun

180 2586 256 2652 dein
286 2585 373 2672 quod
402 2592 527 2650 certum
556 2585 624 2649 scio
653 2586 833 2650 maximum
864 2607 938 2652 esse
970 2588 1150 2654 remedium
1182 2590 1345 2655 interioris
1376 2589 1531 2668 hominis,
1564 2588 1593 2653 si
1615 2589 1649 2652 in
1671 2587 1734 2652 hac
1757 2607 1835 2651 area

180 2687 292 2754 mundi
315 2689 414 2753 variis
437 2689 626 2775 passionum
650 2690 790 2774 flagellis
812 2690 985 2757 trituretur
1000 2692 1155 2757 exterior.
1192 2692 1261 2774 sed,
1285 2691 1370 2779 quod
1385 2692 1555 2757 fatendum
1570 2697 1629 2772 est,
1651 2689 1835 2777 praefatum
1865 2691 1885 2751 6

181 2815 294 2878 rcgem
307 2791 502 2870 Gothorum,
525 2812 722 2878 quamquam
746 2795 788 2858 sit
811 2794 854 2859 ob
870 2795 987 2859 virium
1003 2796 1121 2861 merita
1135 2795 1299 2875 terribilis,
1322 2816 1388 2860 non
1402 2801 1470 2859 tam
1486 2794 1646 2859 Romanis
1664 2793 1834 2859 moenibus

182 2919 281 2984 quam
304 2896 435 2983 legibus
459 2894 655 2960 Christianis
678 2896 905 2963 insidiaturum
928 2919 1079 2985 pavesco.
1116 2906 1253 2981 tantum,
1276 2903 1313 2964 ut
1335 2898 1455 2979 ierunt,
1479 2898 1537 2979 cri,
1560 2903 1686 2962 tantum
1708 2896 1833 2984 pectori

128 3015 153 3054 2⁵
181 3021 240 3066 suo
269 3000 422 3064 catholici
449 3000 571 3064 mentio
595 3000 736 3064 nominis
759 3008 847 3082 acet,
879 3007 915 3066 ut
938 3002 1086 3087 ambigas
1110 3002 1294 3089 ampliusne
1317 3022 1396 3067 suae
1419 3002 1528 3088 gentis
1551 3022 1593 3066 an
1616 3022 1696 3066 suae
1719 3006 1832 3066 scotae

179 3110 292 3170 teneat
313 3103 541 3191 principatum.
580 3102 621 3167 ad
644 3103 705 3168 hoc
728 3105 827 3169 armis
849 3112 968 3191 potens
992 3126 1069 3170 acer
1090 3106 1208 3170 animis
1231 3107 1341 3170 alacer
1364 3105 1458 3169 annis
1480 3104 1567 3169 hunc
1591 3104 1695 3168 solum
1711 3102 1834 3190 patitur

179 3228 339 3287 errorem,
373 3205 459 3292 quod
488 3211 582 3292 putat
610 3206 672 3270 sibi
702 3212 897 3271 tractatuum
928 3206 1202 3293 consiliorumque
1234 3227 1424 3272 successum
1454 3206 1553 3270 tribui
1585 3227 1643 3292 pro
1672 3204 1832 3289 religione

180 3311 343 3397 legitimo,
383 3331 480 3396 quem
518 3311 627 3397 potius
659 3311 845 3395 assequitur
874 3332 933 3397 pro
963 3311 1122 3376 felicitate
1151 3319 1291 3376 terrena.
1342 3315 1476 3396 propter
1505 3308 1591 3394 quod
1621 3307 1739 3373 discite
1769 3307 1883 3391 citoll

180 3413 332 3479 catholici
356 3419 460 3478 status
478 3413 699 3479 valetudinem
724 3413 897 3495 occultam,
920 3421 957 3478 ut
979 3421 1128 3500 apertam
1151 3414 1314 3479 festinetis
1331 3411 1489 3478 adhibere
1505 3411 1712 3478 medicinam.
1747 3409 1831 3474 Bur-

128 3534 153 3571 ³⁰
180 3517 314 3602 degola,
349 3517 551 3602 Petrogcrii,
590 3517 728 3598 Ruteni,
762 3517 972 3595 Lemovices,
1008 3517 1210 3596 Gabalitani,
1244 3517 1424 3597 Helusani,
1451 3515 1609 3595 Vasates,
1644 3513 1833 3595 Convenae,

179 3619 383 3696 Auscenscs,
426 3620 593 3706 multoque
627 3621 691 3684 iam
728 3621 832 3685 maior
863 3641 1019 3686 numerus
1055 3621 1222 3686 civitatum
1258 3621 1394 3685 summis
1432 3618 1655 3684 sacerdotibus
1688 3620 1832 3706 ipsorum

181 3731 288 3791 morte
312 3729 482 3789 truncatus
506 3746 567 3789 nec
591 3725 666 3790 ullis
690 3724 846 3811 deinceps
871 3725 1034 3812 episcopis
1059 3725 1092 3789 in
1115 3725 1342 3790 defunctorum
1366 3723 1474 3788 officia
1495 3723 1653 3803 suffectis,
1677 3743 1736 3808 per
1749 3742 1832 3808 quos

181 3829 294 3913 utique
325 3828 486 3892 minorum
518 3828 670 3892 ordinum
694 3829 876 3895 ministeria
912 3830 1186 3915 subrogabantur,
1222 3831 1324 3895 latum
1360 3828 1515 3915 spiritalis
1549 3828 1662 3892 ruinae
1695 3827 1833 3892 limitem

181 3931 292 3998 traxit.
337 3951 434 4016 quam
462 3930 532 3996 fere
562 3936 691 3997 constat
719 3932 767 3998 sic
789 3954 848 4019 per
871 3933 1019 4018 singulos
1043 3931 1115 3998 dias
1138 3933 1335 3998 morientum
1358 3938 1488 4018 patrum
1510 3931 1667 4015 proficere
1690 3929 1832 4009 defectu,

129 4047 154 4088 ³³
181 4041 217 4099 ut
247 4056 311 4100 uon
341 4035 448 4099 solum
482 4035 648 4120 quoslibet
681 4036 867 4102 haereticos
896 4041 1109 4123 praesentum
1138 4055 1251 4100 verum
1282 4034 1380 4100 ctiam
1410 4032 1659 4098 haeresiarchas
1688 4033 1832 4119 priorum

181 4144 364 4224 temporum
387 4138 533 4224 potuerit
556 4139 742 4204 inflectere:
766 4139 812 4202 ita
835 4139 975 4225 populos
998 4159 1142 4205 excessu
1164 4138 1353 4224 pontificum
1377 4136 1510 4202 orbatos
1533 4135 1639 4200 tristis
1655 4134 1831 4202 intercisae

182 4240 258 4305 fidoi
288 4240 474 4326 desperatio
506 4242 634 4327 premit.
679 4242 770 4307 nulla
799 4244 831 4308 in
861 4243 1016 4309 desolatis
1046 4264 1125 4309 cura
1153 4241 1360 4308 dioecesibus
1388 4240 1627 4328 parochiisque.
1665 4239 1777 4306 videas
1799 4241 1833 4306 in
1864 4242 1883 4305 8

286 4465 486 4533 lspiritualium
498 4467 546 4518 CF
586 4476 638 4519 tem
651 4469 828 4520 ceterorumO
902 4465 1065 4520 2haareseos
1077 4467 1250 4531 Wilmnooic,
1266 4468 1332 4518 aeris
1342 4465 1420 4530 (corr.
1430 4467 1459 4518 ira
1468 4415 1600 4530 1111111)
1611 4464 1692 4516 MGF
1765 4462 1831 4515 ‹liu-

181 4585 376 4651 sultat(cccrr.
389 4586 507 4651 irseF¹l
522 4587 550 4638 F
632 4588 900 4640 bdormitantiumF
949 4589 1020 4656 prius
1037 4588 1219 4640 dormitantum
1232 4589 1255 4640 0
1339 4545 1465 4640 letabora
1479 4587 1514 4639 0¹
1601 4581 1837 4636 SmisticisMOF

181 4709 384 4760 eruderabuntur
403 4711 425 4760 0
525 4708 542 4759 3
560 4710 673 4776 plublice
692 4709 855 4776 (palerna.
876 4709 922 4774 0¹)
944 4710 967 4761 0
1071 4708 1102 4761 11
1122 4718 1198 4777 rupto
1216 4708 1243 4775 (o
1260 4710 1288 4761 in
1304 4727 1358 4761 raa.
1377 4708 1411 4760 M
1414 4709 1435 4773 ¹)
1454 4708 1488 4759 M
1591 4703 1623 4756 12
1640 4659 1767 4784 promovit
1784 4701 1818 4752 Μ
1823 4703 1829 4733 ¹

182 4826 215 4880 13
239 4829 358 4895 bissoque
375 4829 457 4881 MCF
593 4827 625 4881 15
650 4807 741 4883 vcrsal⁴
759 4847 828 4883 corr.
852 4831 881 4881 in
904 4804 1004 4882 versarii
1022 4831 1064 4882 F²
1165 4831 1251 4898 egipto
1272 4831 1295 4882 Ο
1392 4831 1461 4882 farao
1479 4828 1535 4882 MO
1623 4825 1753 4878 israhelita
1770 4822 1833 4887 ΜΟ,
1900 4843 1902 4847 ’

182 4947 290 5000 isrlitica
303 4948 331 4999 F
426 4948 457 5000 16
476 4952 558 5002 cesino
571 4951 603 5000 Μ
664 4952 789 5004 babilonis
801 4951 883 5003 MUF
976 4948 1007 5001 17
1025 4952 1148 5004 hieremia
1166 4949 1245 5014 (corr.
1263 4952 1290 5002 in
1309 4951 1429 5003 hieremie
1444 4949 1491 5013 0¹)
1504 4949 1561 5002 Mc
1617 4947 1773 5015 spiritualem
1787 4944 1836 4997 OF

181 5069 337 5121 hierusalem
355 5068 393 5132 11,
411 5067 490 5120 birlm
510 5070 537 5177 Οἳ,
554 5069 631 5121 ierim
649 5070 678 5121 F
785 5069 817 5122 19
835 5072 977 5138 pacientius
998 5071 1020 5123 0
1124 5069 1160 5122 20
1176 5072 1254 5123 michi
1275 5072 1297 5123 0
1366 5071 1548 5138 introspitienti
1564 5069 1594 5120 F
1698 5065 1832 5132 231111-

181 5207 257 5256 quam
276 5189 304 5240 F
422 5187 456 5241 26
473 5192 557 5242 alacer
577 5192 600 5241 0
718 5189 752 5243 ‘28
774 5193 889 5259 legitima
906 5196 932 5258 (e
950 5209 1017 5244 corr.
1037 5193 1108 5244 cc&
1129 5191 1176 5257 0¹)
1197 5192 1224 5255 0,
1248 5191 1373 5258 legittima
1391 5190 1421 5241 F
1537 5187 1572 5241 29
1589 5188 1757 5240 valitudinem
1775 5185 1836 5236 MF

181 5312 323 5378 burdegala
340 5329 407 5364 corr.
426 5313 453 5362 irc
474 5313 608 5379 burdegali
628 5314 664 5364 0²
774 5311 934 5365 abbatiani
954 5313 976 5364 0
1087 5311 1120 5364 31
1139 5329 1266 5364 auxeuscs
1286 5312 1308 5362 0
1412 5309 1447 5363 32
1464 5308 1631 5362 munatisd'
1696 5308 1723 5359 in
1743 5323 1792 5357 cm.
1813 5306 1837 5358 0

179 5429 214 5483 33
232 5433 373 5499 spiritualis
389 5431 422 5495 F,
445 5432 589 5499 spiritualis
610 5433 633 5484 0
740 5430 776 5484 34
792 5434 860 5485 traxi
880 5433 903 5485 0
974 5450 1051 5499 quem
1070 5431 1099 5483 F
1165 5432 1327 5484 morientium
1340 5430 1369 5481 F
1465 5428 1500 5481 33
1518 5389 1595 5498 poplb
1613 5428 1646 5479 dl
1651 5429 1658 5460 ¹
1730 5429 1833 5480 orbatos

180 5570 297 5636 cornea
315 5546 396 5605 orbat'
412 5552 443 5602 M
449 5553 456 5582 ¹
578 5551 612 5604 37
631 5555 760 5620 premit·-
777 5552 857 5617 (dass
875 5554 921 5604 liu.
939 5569 1007 5605 cruc.
1023 5550 1081 5617 M1)
1101 5551 1136 5602 Μ
1218 5550 1362 5605 diocesibus
1380 5548 1462 5604 MOF
1551 5549 1731 5620 parochiisque
1748 5549 1833 5618 vulqo,

181 5677 321 5746 parrochiis
340 5675 397 5740 (alt.
416 5693 428 5728 r
445 5693 512 5729 eras.
531 5674 589 5741 Μ’)
602 5675 694 5736 MGF,·
712 5675 777 5729 delet
794 5675 848 5730 Leo
