4462 6216
284 370 367 419 LXVI
871 360 1081 415 PRAEFATIO
1100 361 1141 413 IN
1160 358 1342 415 avarcwu

284 535 386 599 multo
403 541 477 620 post
492 555 520 597 a.
538 536 600 597 507
617 532 705 597 diem
723 531 847 595 obiisse
863 538 1057 595 extremum.
1095 530 1134 595 ln
1149 531 1312 595 obituario
1330 531 1364 596 S.
1379 530 1542 594 Martialis
1558 531 1645 594 eirca
1660 551 1690 594 a.
1711 531 1792 594 130⁰
1808 530 1941 616 incepto

287 639 404 703 Rorico
418 638 582 721 episcopa
597 636 660 700 XV
677 635 751 700 Kal,
768 635 852 699 nov.
869 635 1070 699 celebratur:
1093 635 1134 697 cf.
1151 634 1296 711 Leroux‚
1313 634 1475 703 Molinier,
1492 632 1647 712 Thomas,
1662 631 1797 698 Docum
1811 632 1942 697 trieteri-

283 764 360 823 quea
377 745 569 805 eorrcemmnt
584 740 636 803 Ia
651 738 784 802 Marcie
798 743 827 801 et
841 737 869 801 le
884 738 1060 802 Limousin.
1106 738 1241 804 Lemov.
1258 739 1350 816 1883,
1368 738 1393 817 Ι,
1413 758 1446 822 p.
1461 739 1511 800 77.
1550 736 1689 800 Saeculo
1706 735 1789 800 XIV
1805 735 1942 801 ineunte

286 847 357 911 eius
381 845 538 931 reliquias
560 845 593 908 in
617 843 756 907 eeclesia
780 863 878 926 quam
906 843 977 927 ipso
1001 842 1187 905 aedificavit
1210 841 1244 905 S.
1259 841 1437 925 Augustini
1461 848 1645 905 asservatas
1674 861 1748 905 essa
1772 840 1866 904 testis
1890 846 1943 903 est

285 948 473 1013 Bernardus
501 946 659 1012 Guidonis
686 944 815 1023 (Labbe
838 945 859 1007 l.
883 967 910 1010 c.
934 966 964 1030 p.
983 946 1078 1019 till:
1103 946 1145 1009 In
1166 966 1201 1009 co
1221 945 1411 1008 nrorrarterio
1433 944 1482 1026 (S.
1501 944 1677 1029 Augustini
1699 942 1942 1027 Lemorioensi)

286 1052 396 1134 oipinti
418 1055 484 1115 octo
505 1051 641 1131 uriacopi
662 1048 813 1112 turrudati
835 1048 997 1124 dicuntur,
1019 1069 1155 1129 priorum
1176 1047 1293 1112 tumidi
1314 1047 1478 1111 duodecim
1499 1048 1733 1124 discernuntur,
1755 1051 1785 1111 et
1805 1046 1943 1111 aaaron

283 1160 466 1219 sanctourm
491 1155 704 1234 episcoporum
732 1152 857 1216 Roricii
884 1157 914 1215 ct
944 1151 1082 1232 Asclipii
1110 1172 1242 1232 corpora
1278 1151 1313 1215 in
1344 1172 1442 1231 cipue
1467 1172 1568 1231 supra
1597 1152 1704 1215 maim
1732 1148 1837 1215 nltmc
1868 1171 1943 1215 eum

285 1258 319 1323 S.
339 1258 462 1322 Flauia
491 1256 611 1338 rirpine
642 1260 672 1319 ct
704 1261 850 1340 nmrtprc.
909 1255 1117 1319 Ruriciorum
1152 1255 1353 1341 epitaphium
1389 1252 1589 1318 Fortunatus
1624 1253 1804 1340 composuit
1839 1251 1942 1319 hocce

288 1362 399 1446 (carm
417 1360 476 1442 IV,
492 1361 540 1443 5):

569 1461 782 1542 Epitaphium
804 1460 1012 1527 Ruriciorum
1034 1462 1247 1542 episcoporum
1269 1462 1409 1524 ciuitatis
1432 1461 1658 1525 Limooccinac.

621 1582 738 1646 Invida
759 1602 850 1659 mors,
874 1583 985 1647 rabido
1007 1583 1152 1663 qrmmois
1173 1582 1332 1645 miniteris
1353 1580 1455 1658 hiatu,

682 1706 748 1749 rtorr
769 1691 874 1750 tamen
895 1686 932 1749 in
952 1685 1073 1748 curretis
1095 1685 1172 1747 iura
1194 1688 1296 1747 mure
1318 1682 1410 1746 cates.

616 1810 690 1852 rrum
707 1793 877 1870 postquam
899 1809 1041 1852 remeans
1063 1788 1185 1851 doruuit
1205 1788 1277 1867 sera
1301 1786 1442 1850 Tartara
1468 1784 1626 1860 Curiatiis,

686 1891 840 1955 iudanon
862 1892 984 1955 aseritis
1005 1891 1063 1955 oreb
1078 1890 1161 1971 pede
1182 1891 1265 1953 aicta
1289 1891 1380 1953 iaces.

586 2027 598 2063 s
619 1994 671 2057 liic
692 2014 786 2057 sacra
802 1996 993 2075 pontificum
1014 1998 1077 2058 toto
1099 1993 1267 2056 radiantia
1289 1992 1407 2056 oriundo

681 2097 819 2161 uranbra
840 2097 1007 2177 sepulchra
1029 2101 1145 2179 tepunt,
1168 2097 1304 2180 spiritus
1325 2101 1416 2159 ostra
1438 2093 1520 2158 coiit.

619 2199 749 2263 Ruricii
767 2201 884 2281 perrrini
904 2201 1006 2279 stores,
1029 2201 1144 2281 quibua
1166 2199 1356 2263 Aniciorum

687 2304 796 2366 iuncta
811 2303 979 2383 parentali
1000 2303 1137 2369 cularine
1158 2304 1262 2368 Roma
1283 2303 1358 2384 fuit,

619 2411 695 2469 uctu
716 2412 816 2470 nterim
834 2407 939 2488 produ
961 2428 1016 2490 spe
1037 2408 1162 2471 rmnrine
1182 2406 1338 2487 sarrpuine
1360 2406 1435 2469 nem

574 2543 599 2578 n
684 2510 829 2573 eanum
843 2512 972 2590 pariter
994 2511 1068 2574 lriric
1090 2531 1178 2588 oeus,
1202 2511 1276 2574 irulc
1297 2530 1406 2589 nepua

620 2619 754 2693 tempore
775 2614 908 2695 pirisque
929 2635 987 2677 stro
1009 2615 1153 2694 fundans
1168 2614 1231 2695 pia
1253 2612 1369 2693 teuniter
1384 2611 1519 2692 patroni

685 2717 744 2779 iste
766 2717 952 2798 Aupnetiui,
976 2717 1118 2781 corrdidit
1142 2715 1192 2781 ille
1214 2715 1314 2780 Petri.

620 2819 672 2883 liic
687 2820 818 2903 probru,
842 2820 893 2884 ille
908 2822 997 2902 pius,
1020 2820 1072 2884 iiie
1092 2821 1205 2897 seriem,
1228 2818 1281 2883 ille
1302 2839 1439 2894 serenus,

685 2928 841 2987 certa-inca
858 2925 982 3004 pariter
1003 2925 1076 3005 piris
1097 2925 1152 2986 cui
1173 2923 1276 2987 maior
1297 2922 1366 2998 crit,

575 3056 598 3094 n
616 3024 761 3106 plurima
781 3028 977 3108 parcioribus
999 3029 1169 3092 tribuentes
1191 3027 1287 3090 riioite
1309 3047 1405 3126 carran

689 3131 801 3195 misere
821 3131 865 3194 ad
887 3130 988 3195 coctos
1009 3152 1090 3212 qrras
1111 3135 1314 3212 sequerentur
1336 3150 1416 3209 opes.

621 3255 699 3315 quos
720 3239 884 3315 spmrpcnto
905 3255 1006 3298 rimnu
1026 3236 1211 3299 redimentes
1232 3234 1369 3298 orimum
1392 3230 1504 3294 numdi

688 3338 769 3400 iuter
790 3338 975 3417 apostolicos
996 3339 1153 3403 credimus
1175 3360 1239 3403 esse
1260 3337 1377 3401 choros.

621 3440 728 3521 t'elices
748 3442 806 3521 qui
826 3443 873 3504 sic
894 3442 932 3504 de
954 3442 1116 3507 aedilitate
1137 3442 1247 3524 fupaci

578 3574 603 3613 oo
689 3545 819 3608 nrercuti
841 3545 877 3608 in
898 3544 994 3609 caelis
1015 3547 1091 3609 iuro
1112 3550 1243 3612 serratus
1264 3543 1397 3608 habuit!

397 3679 554 3745 Votorum
576 3701 660 3765 quae
683 3681 713 3744 ei
736 3680 890 3746 Sidonius
914 3681 1038 3746 fecerat
1060 3682 1175 3748 horum
1199 3680 1251 3763 (0.
1274 3680 1334 3763 XI,
1361 3679 1449 3764 l3l):

996 3801 1131 3883 feliciter
1152 3822 1264 3866 oemrm

623 3906 729 3969 ducite
750 3907 934 3984 concordes,·
958 3907 1024 3970 sint
1045 3908 1117 3971 nati
1137 3907 1263 3986 sintque
1285 3911 1426 3988 nepotem

623 4014 732 4073 cernat
754 4014 784 4074 et
805 4011 842 4073 in
857 4030 978 4090 proauo
1000 4010 1121 4073 sitirnet
1143 4009 1227 4090 prod
1242 4029 1400 4089 pronepos
1422 4013 1512 4089 optet,

292 4148 425 4211 compos
457 4127 562 4192 factus
592 4135 642 4193 est
669 4130 833 4195 Ruricius.
883 4130 935 4195 De
964 4129 1076 4194 liberis
1105 4131 1176 4195 eius
1206 4150 1306 4216 supra
1334 4132 1405 4215 egi;
1440 4136 1566 4194 restant
1593 4135 1742 4213 nepotes.
1783 4124 1838 4189 Ad
1865 4122 1946 4188 Par·

291 4230 437 4295 theniuur
462 4238 495 4295 et
510 4230 727 4317 Papianillam
752 4233 959 4298 dulcissimos
982 4242 1119 4319 nepotes
1142 4254 1217 4297 suos
1238 4233 1393 4297 Ruricius
1417 4232 1542 4297 litteras
1565 4229 1832 4306 aedituum,
1856 4234 1947 4313 post·

292 4355 387 4419 quam
404 4354 480 4399 eum
495 4335 685 4399 inviserunt.
709 4335 859 4401 Eundem
875 4337 1087 4403 Parthenium
1104 4337 1257 4402 Caesario
1272 4338 1458 4402 Arelatensi
1475 4334 1716 4401 commendavit
1731 4337 1778 4421 (p.
1794 4334 1867 4413 339,
1884 4334 1947 4415 m).

290 4438 474 4524 Papianilla
497 4445 606 4502 autern
629 4440 751 4505 femina
774 4441 902 4506 videtur
925 4463 1015 4521 esse,
1040 4463 1124 4527 quae
1149 4442 1336 4526 Agricolam
1359 4461 1454 4505 avum
1478 4439 1572 4519 feeit,
1595 4438 1765 4503 Ruricium
1789 4454 1948 4523 proavum

292 4543 338 4628 (p.
356 4544 428 4623 336,
445 4539 507 4628 10).
554 4541 660 4615 Quam
685 4565 757 4607 cum
780 4543 934 4609 Ruricius
957 4546 1003 4608 illi
1027 4547 1072 4609 ita
1095 4544 1315 4625 commendet,
1344 4551 1381 4608 ut
1410 4565 1473 4629 quo
1502 4564 1575 4608 earn
1603 4541 1786 4627 susceperit
1815 4539 1946 4616 affectu,

290 4666 420 4730 semper
446 4646 558 4711 foveat
584 4646 711 4710 indultu
741 4647 786 4733 (p.
810 4649 941 4729 336‚8)‚
971 4650 1118 4734 sequitur
1141 4669 1213 4711 oam
1237 4669 1354 4712 nurum
1378 4647 1481 4711 luisse
1509 4646 1704 4732 Agricolae,
1733 4643 1948 4710 Parthenium

290 4748 466 4834 Agricolae
495 4749 597 4813 filium
625 4771 667 4815 ex
695 4750 762 4813 filia
784 4749 908 4815 Ruricii
934 4752 1082 4835 genitum
1111 4752 1157 4837 (p.
1179 4754 1252 4830 336,
1274 4752 1336 4835 10).
1381 4750 1528 4837 Nepotes
1557 4750 1580 4814 ii
1606 4748 1832 4814 funestissimo
1856 4747 1949 4813 exitu

290 4853 389 4917 vitam
413 4852 598 4917 finiverunt.
643 4852 861 4939 Papianillam
884 4855 970 4918 enim
994 4876 1060 4919 una
1084 4876 1157 4919 cum
1173 4856 1322 4920 Ausanio
1345 4855 1451 4919 amico
1475 4873 1535 4918 suo
1551 4853 1748 4919 Parthenius
1763 4852 1947 4925 interiecit;

290 4958 362 5043 ipse
386 4955 520 5021 Francis
544 4978 666 5021 exosus
691 4978 719 5020 a.
736 4960 798 5022 548
821 4959 985 5044 lapidibus
1010 4959 1145 5023 obrutus
1168 4968 1227 5024 est.
1274 4959 1367 5024 llaec
1392 4959 1439 5022 sic
1462 4963 1634 5021 narrantur
1656 4979 1676 5020 a
1693 4956 1853 5042 Gregorio
1869 4954 1948 5021 'Iun

291 5060 367 5124 hist.
390 5059 443 5124 Fr.
468 5059 529 5137 ΙΙΙ,
542 5064 599 5125 36;
626 5060 764 5139 Franci,
787 5063 904 5147 inquit,
926 5083 998 5125 cum
1021 5062 1230 5126 Parthenium
1248 5063 1292 5125 'in
1314 5060 1384 5125 odio
1411 5080 1523 5142 rrurpno
1549 5059 1707 5138 ltulrerent,
1725 5080 1787 5142 pro
1809 5080 1844 5123 oo
1864 5058 1950 5140 quod

289 5164 336 5227 eis
351 5164 471 5227 tributa
487 5165 640 5228 antedicti
654 5166 737 5246 rupis
748 5164 982 5248 (Tlreodoberti
999 5166 1083 5250 scil.)
1097 5171 1231 5249 tmepore
1248 5165 1425 5245 insiluisset,
1440 5185 1512 5229 eum
1520 5164 1670 5244 persequi
1683 5168 1858 5243 coeperunt.
1885 5160 1950 5227 lite

291 5286 361 5329 cero
383 5266 419 5329 in
433 5265 616 5345 periculum
637 5288 670 5331 se
685 5267 828 5348 positum
850 5288 978 5331 aarum
1002 5267 1185 5350 consupium
1200 5270 1240 5333 uli
1255 5269 1331 5332 urbe
1352 5268 1433 5349 facit
1460 5289 1499 5330 oc
1514 5268 1635 5332 duobus
1649 5267 1804 5349 epiempis
1823 5264 1948 5348 suppli·

290 5369 368 5431 citer
390 5373 515 5445 encrat,
538 5374 575 5432 ut
597 5370 733 5433 cunrad
755 5371 863 5434 urbem
887 5370 1086 5436 Treuerorum
1108 5373 1292 5437 deducentes
1311 5370 1427 5453 populi
1453 5372 1625 5436 meoicrttcs
1650 5371 1833 5435 seddioncm
1854 5390 1949 5435 uram

284 5470 524 5551 praedieatione
545 5478 806 5553 conproeruerent.
844 5474 966 5555 Qec-ibus
987 5476 1143 5553 eneruatius,
1166 5480 1262 5553 nocte,
1283 5476 1414 5539 durnin
1433 5479 1607 5540 stratosuo
1622 5474 1823 5552 decuntbmet,
1843 5474 1949 5539 metito

284 5595 346 5657 per
365 5575 521 5638 somnium
544 5597 644 5641 ooccm
661 5597 809 5659 rrmprmm
824 5578 946 5655 emittit,
969 5578 1092 5642 dicens:
1114 5578 1207 5644 Heu!
1229 5580 1307 5644 heu!
1329 5578 1505 5643 &recurrite
1527 5581 1583 5662 qui
1604 5580 1723 5644 acdestis
1744 5582 1774 5644 et
1787 5576 1950 5647 nutilium
