4462 6216
885 356 992 413 amaa
1010 356 1043 427 v,
1063 358 1095 415 re
1115 390 1149 401 -
1166 360 1208 415 ar.
1828 365 1871 429 93

221 529 407 614 mentisque
421 529 547 615 patriae
564 532 681 610 solum,
705 529 747 596 ad
762 530 848 617 quod
865 537 899 597 et
913 537 1048 617 praeter
1063 534 1269 598 occasionem
1287 535 1483 621 voluptuose
1498 535 1645 610 vonitur3
1668 540 1738 601 tum
1754 535 1871 601 domna

219 631 365 721 propria,
396 631 489 697 cuius
516 639 678 715 actorem,
704 635 835 699 vineam
869 654 1012 700 messem
1039 635 1213 717 olivetum,
1244 644 1366 703 tectum
1397 658 1527 725 quoque
1556 639 1679 726 ipsum,
1712 639 1765 704 vel
1794 638 1871 704 dum

218 736 498 825 praeterveharis,
530 737 693 823 inspicere
715 759 769 803 res
792 739 955 805 commodi
977 746 1038 807 est.
1090 748 1301 829 quapropter,
1333 742 1454 808 missus
1477 764 1497 807 a
1519 742 1633 823 nobis,
1657 749 1691 808 at
1713 741 1774 809 tibi
1797 763 1872 829 per·

222 841 331 915 venis3
354 861 495 927 namque
518 841 581 906 erit
602 841 678 907 talis
700 841 772 908 viae
796 850 872 908 tuae
896 863 1080 929 causaeque
1104 850 1236 910 nostrae
1259 845 1425 924 condicio,
1447 845 1482 912 ni
1504 845 1608 927 fallor,
1632 852 1728 933 atque
1752 867 1872 933 oppor-

180 943 360 1026 ttunitam
388 950 425 1009 ut
454 966 512 1032 pro
539 945 699 1013 beneficio
728 946 854 1013 civitati
882 968 981 1034 possa
1010 947 1170 1035 imputare
1194 948 1465 1036 quandocumque
1496 948 1655 1032 videaris,
1687 949 1774 1037 quod
1797 956 1871 1014 tuos

216 1049 348 1117 videris.
392 1051 476 1116 vale.

1002 1253 1097 1320 XXI·
1189 1263 1191 1267 Α

472 1407 684 1475 SIDONIUS
709 1370 967 1475 SAOERDOTI
989 1408 1048 1474 ET
1070 1408 1254 1476 IUSTINO
1279 1354 1378 1476 sula
1403 1410 1627 1479 SALUTEM.

327 1526 502 1622 Vruronrus
529 1562 665 1643 patruus
691 1563 817 1636 voster,
848 1557 913 1637 vir,
942 1563 978 1621 ut
1006 1557 1177 1643 egregius,
1207 1557 1255 1623 sio
1285 1558 1512 1644 undecumque
1541 1558 1766 1634 doctissimus,
1795 1575 1869 1620 oum

220 1669 331 1727 cetera
353 1665 515 1747 potenter,
538 1667 607 1725 tum
630 1660 859 1745 potentissime
883 1660 1028 1726 condidit
1049 1682 1175 1727 versus.
1217 1662 1300 1726 ‘mihi
1316 1682 1445 1749 quoque
1468 1683 1600 1749 sempor
1623 1683 1643 1726 a
1665 1680 1767 1747 parvo
1791 1679 1871 1724 cura

171 1780 196 1817 1⁰
222 1765 404 1836 Musarum
434 1784 520 1828 nunc
542 1784 601 1828 vos
624 1765 752 1850 parenti
774 1764 894 1830 venitis
917 1764 1066 1846 herodes,
1090 1786 1185 1852 quam
1208 1767 1290 1848 iure,
1313 1773 1378 1832 tam
1402 1769 1534 1834 merito:
1557 1768 1648 1833 ilicet
1669 1786 1732 1852 ogo
1752 1770 1872 1851 poetae

222 1868 392 1957 proximus
416 1870 458 1934 fio
481 1850 695 1954 profession'e,
720 1890 779 1933 vos
803 1869 939 1935 semine.
984 1890 1063 1955 ergo
1088 1869 1301 1936 iustissimum
1325 1877 1386 1954 est,
1408 1877 1444 1936 ut
1466 1869 1556 1935 diem
1579 1870 1691 1935 iuncto
1714 1868 1762 1933 sic
1778 1868 1866 1954 quis-

225 1995 287 2060 que
302 1979 457 2038 nostrum
482 1971 647 2038 succedat.
670 1980 707 2038 ut
730 1973 886 2059 iungitur.
930 1972 1071 2059 ideoque
1094 1973 1291 2060 patrimonia
1313 1982 1436 2057 tenete,
1459 1973 1535 2041 date
1559 1972 1711 2039 carmina.
1756 1972 1874 2037 valate.

327 2197 537 2251 loccanaioncm
550 2194 577 2249 L
710 2197 875 2252 2auotoram
886 2198 939 2250 FP
1070 2197 1250 2268 inanqueM
1318 2203 1430 2255 conditio
1448 2200 1507 2267 (con
1524 2201 1553 2253 in
1569 2198 1688 2263 raa.P¹)
1704 2197 1794 2263 MFP,
1814 2214 1874 2250 oon·

224 2321 313 2373 ditioni
333 2318 371 2384 (ni
388 2335 455 2370 croc
476 2317 567 2379 ΟΜ
641 2321 724 2386 adque
742 2315 770 2370 L
842 2320 1001 2387 oportunitas
1019 2316 1176 2371 aarum
1276 2320 1293 2374 5
1305 2330 1366 2388 post
1382 2321 1507 2374 beneflcio
1525 2322 1573 2388 leq.
1590 2327 1635 2373 tuo
1653 2320 1681 2370 in
1698 2317 1727 2370 F
1800 2335 1875 2386 posse

221 2440 247 2505 (a
264 2441 291 2492 ia
307 2458 362 2491 roa.
378 2438 437 2504 w)
455 2437 488 2488 Μ
561 2441 715 2506 quandoque
738 2439 851 2507 mort.
869 2448 935 2492 racto
995 2421 1012 2437 ⁴
1047 2439 1136 2493 tivalt
1149 2441 1178 2492 F
1283 2439 1477 2549 'itiidoniuanat
1494 2448 1521 2494 et
1537 2448 1561 2492 at
1578 2440 1632 2492 suis
1649 2440 1758 2492 salutm
1776 2455 1825 2490 ona.
1844 2436 1874 2490 F

220 2561 356 2630 Spatruus
374 2560 404 2613 uir
427 2559 450 2625 (s
469 2559 487 2613 ri
504 2561 532 2612 ia
549 2577 603 2611 roa.
621 2558 679 2625 w)
703 2559 737 2610 Μ
837 2559 1043 2627 undeqmumque
1064 2557 1100 2627 (q3
1117 2578 1185 2613 arca.
1208 2556 1232 2612 G
1239 2561 1259 2625 ¹)
1279 2561 1312 2625 0,
1337 2562 1490 2629 undecuqua
1511 2569 1618 2627 praem
1644 2578 1681 2612 un
1708 2560 1736 2611 ia
1757 2577 1811 2611 raa.
1831 2559 1871 2610 1³¹

225 2680 380 2734 umiehic'
446 2690 537 2749 patruo
555 2679 578 2745 (t
594 2697 661 2733 aros.
683 2679 776 2743 0¹)c'
878 2678 911 2730 10
928 2678 1175 2747 percutiemur.
1193 2696 1260 2731 eros.
1278 2677 1337 2745 Mu
1356 2679 1395 2743 M,
1411 2687 1531 2748 parantes
1548 2677 1588 2746 (aa
1605 2697 1672 2731 corr.
1690 2676 1876 2741 arnapa*
1911 2722 1918 2741 ,

225 2811 276 2855 tam
294 2819 371 2870 quam
389 2803 445 2854 iure
463 2802 553 2854 marito
576 2802 601 2852 Τ
676 2809 734 2868 poet
750 2817 798 2867 ago
816 2802 833 2850 2
850 2799 897 2850 tio.
914 2815 982 2851 aroc.
1000 2797 1040 2849 P²
1163 2796 1194 2849 ll
1213 2799 1280 2851 diam
1298 2800 1377 2851 fiunto
1394 2788 1713 2864 11,diesuncto(ieroe.
1734 2798 1779 2862 0²)
1800 2796 1875 2862 FOP,

226 2925 268 2977 die
287 2926 376 2975 sancto
394 2922 433 2987 M,
450 2923 495 2975 aad
512 2924 601 2975 functo
619 2922 647 2972 in
664 2938 718 2973 roa.
737 2921 862 2986 simulque
878 2937 934 2971 aar.
953 2920 1021 2983 lact,
1041 2936 1059 2969 a
1076 2918 1123 2969 Μι
1141 2936 1162 2970 a.
1180 2920 1198 2971 l.
1216 2918 1289 2984 aaa,
1305 2936 1372 2971 eros.
1391 2918 1425 2969 Μ
1429 2918 1449 2984 ¹,
1464 2919 1586 2971 defuncto
1604 2917 1633 2969 F
1741 2914 1774 2967 12
1791 2916 1876 2969 valate

223 3014 328 3097 inx'130
338 3042 401 3108 MP,
418 3042 464 3096 aa}
475 3043 503 3095 F
552 3044 629 3094 nulla
648 3042 798 3109 aubecriptio
810 3058 857 3093 nac
867 3048 934 3108 apol.
946 3057 1001 3092 cac.
1013 3039 1042 3091 in
1050 3039 1083 3104 L,
1099 3041 1130 3092 G.
1143 3040 1256 3092 SOLLII
1270 3041 1498 3093 APOLLINARIS
1515 3040 1644 3093 §mortu
1662 3007 1719 3089 3‘131
1735 3023 1874 3089 EPMRV

224 3149 289 3219 uus.
306 3166 338 3216 v.
357 3165 525 3216 axrnrcrr.
544 3166 672 3217 mcum
689 3164 791 3215 maan
817 3154 915 3213 saxr’
932 3160 975 3225 rr,
997 3145 1123 3212 axrusc
1139 3146 1205 3213 aris.
1223 3162 1255 3212 v.
1272 3146 1373 3214 inoff.
1390 3162 1434 3213 vr.
1457 3159 1490 3224 r,
1517 3159 1624 3226 expuere
1644 3158 1709 3210 liber
1726 3175 1760 3208 .v.
1776 3158 1878 3211 saona.

222 3286 313 3353 incipit
334 3281 373 3340 lib
395 3302 438 3336 Νι.
458 3286 492 3348 0,
521 3285 614 3350 Incipit
635 3241 798 3337 liberssextus
821 3282 918 3333 morer.
938 3281 1084 3333 nabrioator
1106 3281 1135 3332 in
1152 3280 1192 3345 F,
1219 3284 1253 3334 G.
1270 3283 1383 3334 sonan
1404 3281 1565 3348 :peninsula
1587 3279 1683 3332 Sidonii
1706 3249 1756 3347 api.
1775 3276 1875 3345 Epiarti

222 3392 272 3459 aa.
288 3422 313 3458 v.
332 3405 501 3458 axrmmr.
520 3405 656 3457 rnorem.
671 3405 719 3455 1vl.
738 3402 765 3454 P
