4462 6216
283 381 366 431 XLVI
877 370 1086 426 PRAEFATIO
1106 371 1145 424 IN
1164 369 1342 424 SIDONIVM

362 575 364 578 ·
409 548 575 624 somnium,
590 566 681 626 quem
695 546 725 608 si
733 546 897 625 permittis
911 545 1040 608 eduam.
1080 543 1229 608 Videbam
1245 543 1304 607 tae
1318 548 1406 607 meto
1421 542 1589 619 dominica,
1612 547 1641 605 et
1657 561 1724 605 ecce
1738 547 1808 605 erat
1821 542 1933 607 domus

409 672 537 732 rnaqrm,
565 656 594 713 ei
620 651 657 714 in
686 649 774 712 domo
803 654 871 711 erat
899 648 1031 712 tbronus
1053 648 1195 727 positia,
1226 648 1262 710 in
1291 667 1352 726 quo
1381 647 1476 726 qnasi
1503 645 1601 708 indere
1627 645 1782 709 residebat
1812 647 1935 710 curatis

405 759 561 835 potestate
575 751 810 833 praestantior,
841 751 895 814 cui
921 750 1116 813 adsistebant
1141 749 1235 813 multi
1261 750 1458 813 sacerdotum
1486 749 1522 811 in
1548 748 1629 812 abiis
1649 749 1799 827 uestibus,
1829 750 1883 813 sed
1905 754 1935 813 et

403 858 606 939 pumniscuae
624 854 814 936 populonius
837 854 948 918 turbae
971 853 1061 917 valde
1082 853 1334 917 innumerabiles.
1377 851 1493 915 Verum
1514 874 1586 916 curn
1608 851 1684 915 baec
1699 852 1842 932 trepidus
1861 873 1934 916 con·

411 960 587 1040 temptarer,
609 959 766 1038 oonqricio
789 959 912 1021 carinus
933 958 1016 1021 inter
1038 978 1089 1021 eos
1110 958 1233 1021 beatam
1256 956 1385 1019 adstare
1406 955 1588 1032 Sidonium,
1617 960 1646 1018 et
1674 977 1745 1019 cum
1759 959 1934 1036 presbitero

409 1064 463 1128 illo
486 1064 543 1127 tibi
565 1063 744 1138 carissiaco,
767 1061 824 1141 qui
845 1065 919 1124 ante
940 1060 996 1124 lios
1012 1081 1135 1140 paitcos
1156 1081 1258 1123 annos
1279 1060 1317 1123 de
1338 1059 1395 1123 boc
1416 1059 1533 1123 mundo
1553 1061 1708 1141 nrmramt,
1730 1065 1847 1125 attente
1869 1063 1934 1127 liti-

408 1172 542 1249 pantenu.
591 1167 658 1247 Quo
681 1165 797 1228 deviato
822 1164 903 1228 iubet
922 1185 979 1227 rea
998 1169 1035 1226 ut
1058 1164 1094 1226 in
1116 1163 1189 1226 imis
1211 1163 1348 1225 carceris
1369 1163 1527 1244 anqrutiis
1546 1163 1749 1241 retrudatur;
1770 1165 1936 1248 ablatoque

410 1273 470 1335 isto
498 1276 608 1335 corctra
635 1275 664 1333 te
690 1271 804 1332 iterum
834 1269 987 1350 supperit,
1020 1268 1127 1331 dueus
1154 1273 1183 1330 te
1210 1268 1247 1330 in
1274 1287 1307 1330 co
1335 1266 1461 1343 scelere,
1490 1271 1623 1348 propter
1652 1268 1736 1347 quod
1757 1270 1853 1348 prior
1884 1269 1936 1335 ille

412 1375 584 1438 rmmnatus
605 1374 727 1454 fremat,
750 1373 850 1453 fuisse
866 1373 1068 1453 participem.
1121 1370 1237 1434 Verum
1257 1371 1314 1434 ubi
1334 1371 1447 1446 iccdca,
1471 1391 1561 1450 quern
1583 1371 1627 1433 ad
1649 1377 1678 1433 te
1700 1375 1935 1453 transmitteret,

411 1477 541 1542 sollicite
560 1479 658 1559 coepit
676 1478 845 1558 inquirere,
868 1497 920 1557 epo
939 1474 1235 1554 aminterreliquos
1250 1473 1487 1553 oecumenem·
1509 1479 1538 1536 et
1552 1495 1573 1536 a
1588 1478 1671 1554 tcrpo
1687 1476 1768 1552 steti,
1791 1482 1937 1541 tractans

412 1583 501 1663 eumd
522 1583 744 1661 memetipsum,
767 1601 806 1643 nc
828 1580 909 1660 torte
930 1600 992 1661 epo,
1014 1581 1071 1659 qui
1091 1583 1186 1642 notus
1207 1599 1278 1640 sirm
1300 1577 1428 1654 bantini,
1451 1579 1569 1641 mittar.
1616 1577 1706 1642 Duae
1720 1578 1797 1643 baec
1816 1602 1936 1646 uncum

413 1687 538 1749 tacitus·
560 1684 722 1761 uolucrem,
758 1685 872 1747 amotis
899 1683 1041 1746 minibus
1070 1682 1210 1745 remansi
1238 1680 1324 1743 solus
1354 1681 1388 1743 in
1412 1680 1542 1760 publico
1570 1686 1757 1763 nocuasque
1783 1704 1804 1746 a
1832 1684 1937 1748 iiidice

406 1790 543 1870 proprius
562 1788 682 1852 accedo.
722 1786 822 1852 Ouicrs
837 1788 984 1851 virtatem
1006 1791 1099 1866 atque
1120 1785 1312 1868 splendorem
1332 1789 1490 1860 contueris,
1513 1785 1599 1866 coepi
1613 1784 1701 1849 trebes
1716 1786 1843 1865 effectus
1859 1789 1936 1852 titu-

413 1893 485 1956 bare
493 1912 577 1972 prem
590 1897 683 1954 metu
707 1890 752 1953 Et
767 1889 835 1952 ille:
857 1889 916 1953 ‘Nc
932 1890 1051 1964 timeas,
1061 1887 1165 1968 puer’,
1188 1887 1302 1967 iniquit,
1326 1886 1391 1948 ‘sed
1403 1886 1489 1962 crude,
1513 1887 1564 1948 dic
1580 1888 1755 1965 presbitero
1770 1889 1837 1953 illi:
1858 1890 1937 1955 Veni

412 1995 457 2058 ad
477 1994 724 2076 respondendam
746 2012 890 2069 mimoni,
917 1993 995 2072 quia
1017 1990 1169 2055 Sidonius
1195 1994 1224 2052 te
1245 1990 1395 2052 rnecrsiri
1417 1989 1601 2067 deprrceatecs
1629 1996 1684 2054 cst.
1733 1992 1784 2056 Tu
1805 2014 1875 2057 aero
1897 2015 1937 2058 ne

412 2118 532 2161 moram
553 2096 659 2177 facias
680 2096 724 2159 ad
746 2094 898 2170 mudum,
928 2095 1006 2174 quia
1035 2095 1093 2157 sub
1117 2093 1236 2174 prandi
1265 2092 1482 2171 testificatione
1509 2092 1589 2155 milri
1614 2096 1777 2175 praecanit
1804 2118 1861 2160 rea
1887 2095 1939 2160 illo

412 2200 488 2264 baec
510 2198 611 2279 loqui,
638 2200 762 2263 diceus:
789 2198 826 2263 Si
848 2199 1002 2275 tacnrcris,
1024 2201 1122 2261 rriorie
1137 2196 1279 2277 pessima
1301 2196 1461 2260 rriorieris'.
1507 2195 1597 2260 Haec
1618 2219 1651 2261 co
1674 2197 1815 2279 loquente
1837 2205 1937 2264 exter-

412 2303 497 2366 ritus
511 2303 668 2383 presbiter
689 2301 829 2382 elapsam
851 2303 889 2366 dc
910 2323 1010 2366 triana
1032 2300 1159 2364 calmem
1180 2299 1319 2363 reddidit
1340 2300 1505 2379 spiritum,
1528 2321 1567 2362 ac
1584 2301 1622 2363 de
1646 2301 1789 2366 recubitu
1812 2303 1940 2368 ablatus

413 2412 557 2470 raortuus
578 2405 759 2486 sepeulturae
780 2405 953 2468 rrmmlatus
981 2409 1039 2482 cst,
1063 2425 1270 2484 possessurus
1299 2404 1462 2484 infernum
1489 2425 1561 2468 cum
1586 2404 1720 2469 satellite
1746 2427 1813 2471 suo.
1863 2407 1940 2472 Tale

413 2510 569 2574 iudicium
594 2531 690 2591 super
716 2515 914 2573 cmrtirrnaccs
940 2507 1067 2573 clericos
1089 2509 1236 2572 dominus
1257 2509 1293 2571 in
1315 2507 1399 2571 bunc
1422 2508 1577 2572 uerendum
1593 2509 1765 2588 praetulit,
1794 2516 1831 2575 ut
1852 2533 1941 2576 unus

413 2614 509 2677 Arrii
534 2614 702 2677 sortiretur
729 2618 871 2689 mulera,
899 2611 985 2675 alicus
1007 2616 1169 2693 tamquam
1191 2610 1299 2676 Simon
1321 2631 1433 2692 mapus
1454 2610 1588 2690 apostoli
1609 2613 1714 2675 sancti
1736 2614 1878 2679 mationa
1899 2617 1940 2681 ab

414 2716 534 2781 euceba
557 2737 629 2780 arce
651 2716 814 2795 srqrerbrae
829 2735 982 2796 manceps
1003 2713 1196 2778 allideretur.
1244 2714 1306 2795 Qui
1326 2734 1391 2777 reon
1412 2713 1618 2794 ambiquntur
1633 2717 1762 2795 pariter
1776 2719 1941 2797 possidere

414 2825 587 2897 tartarum,
617 2821 674 2899 qni
702 2818 799 2882 simul
826 2823 954 2900 eperunt
979 2819 1122 2899 nequiter
1151 2823 1261 2882 contra
1287 2822 1433 2881 sanctum
1460 2819 1637 2898 episcopum
1663 2841 1768 2887 suum.
1812 2823 1941 2888 Interea

415 2944 486 2986 eum
512 2924 577 2986 urm
605 2927 706 2987 terror
733 2921 934 2985 Francorum
959 2925 1119 2984 resonaret
1144 2920 1181 2982 in
1207 2920 1258 2983 liis
1273 2920 1425 3000 partibus
1457 2926 1487 2983 et
1516 2942 1620 2985 omnes
1648 2943 1699 2986 eos
1727 2945 1831 2989 annom
1859 2927 1941 2991 desi-

415 3026 548 3090 derabili
569 3030 716 3107 cuperent
737 3046 881 3107 roqnare,
909 3030 1040 3087 sauctus
1061 3023 1271 3108 Apmenculus
1293 3024 1487 3105 Irinponicac
1509 3024 1647 3090 civitatis
1668 3029 1831 3109 cpiseepms
1852 3032 1944 3111 apud

414 3128 657 3212 Burpondiones
683 3130 781 3209 esurit
808 3129 916 3192 liaberi
945 3134 1116 3211 mamertus.
1164 3126 1304 3208 Omnique
1332 3128 1439 3190 odirom
1466 3127 1504 3190 de
1532 3129 1583 3191 die
1608 3130 1645 3193 in
1674 3131 1756 3195 diem
1783 3141 1941 3212 cresceret,

415 3235 538 3298 irrssum
561 3240 620 3311 est,
648 3238 685 3296 ut
711 3232 791 3296 elam
817 3231 924 3313 plodio
945 3232 1105 3311 feriretur.
1154 3234 1221 3313 Quo
1243 3233 1286 3295 ad
1307 3253 1379 3295 mem
1392 3231 1519 3312 perlato
1540 3234 1655 3297 rirrntio
1682 3240 1770 3299 nocte
1791 3257 1813 3298 a
1836 3244 1940 3303 castro

415 3335 603 3400 Dioioriensi
626 3357 688 3416 per
719 3356 847 3399 murum
876 3335 1030 3399 munusue
1058 3334 1217 3399 Arvernos
1247 3335 1374 3398 ademit
1401 3335 1505 3414 ibique
1531 3336 1626 3400 iuxta
1656 3340 1783 3403 uerbum
1811 3340 1941 3421 (lomim,

414 3440 499 3520 qnod
513 3441 625 3520 posuit
646 3441 683 3503 in
705 3460 757 3504 ore
778 3440 884 3503 sancti
905 3439 1040 3516 Sidonii,
1063 3439 1249 3503 undecimus
1271 3439 1369 3503 datu-r
1391 3440 1564 3520 mancones.

394 3734 487 3798 Iusta
514 3735 646 3798 nomina
669 3733 811 3797 auctoris
834 3734 967 3797 fuerunt
993 3731 1026 3798 0.
1048 3732 1165 3798 Sollius
1191 3733 1357 3797 Modestus
1378 3732 1594 3816 Apollinaris,
1625 3736 1666 3800 ad
1695 3756 1779 3821 quac
1810 3736 1939 3801 accedit

288 3840 415 3923 signum
439 3837 601 3902 nimrim
647 3838 780 3902 Scilicet
803 3838 952 3923 epistulis
976 3839 1213 3923 praescriptum
1238 3836 1498 3922 subscriptumvc
1522 3845 1574 3903 est
1596 3845 1630 3903 et
1650 3840 1685 3903 in
1710 3840 1831 3925 optimo
1855 3841 1940 3905 libro

287 3942 317 4006 L
347 3948 379 4006 et
407 3940 476 4006 fere
505 3943 537 4005 in
570 3941 701 4026 reliquis
727 3941 767 4006 G.
791 3939 908 4005 Sollius
929 3940 1129 4022 Apollinaris
1157 3940 1324 4018 Sidonius,
1359 3943 1493 4005 carmini
1527 3951 1643 4026 quarto
1676 3944 1873 4030 panegyrico
1908 3945 1941 4008 in

287 4043 513 4125 Maiorianum,
536 4044 623 4131 quod
647 4046 752 4108 solum
776 4065 818 4109 ex
841 4044 1037 4108 carminibus
1061 4065 1180 4109 nomen
1203 4045 1344 4109 auctoris
1368 4045 1500 4130 plenum
1523 4046 1623 4110 habet
1639 4047 1776 4131 (scilicet
1791 4055 1939 4134 praeter-

287 4149 397 4213 missis
426 4149 603 4213 carminum
627 4148 921 4233 subscriptionibus
948 4147 989 4211 ad
1013 4147 1113 4212 libros
1137 4148 1358 4232 epistularum
1377 4147 1605 4235 interpolatis),
1637 4149 1755 4215 Sollius
1775 4150 1943 4215 Modestus

286 4250 486 4332 Apollinaris
500 4251 669 4329 Sidonicrs·
693 4252 764 4337 ipse
782 4251 935 4316 carminis
950 4250 1000 4313 IX
1024 4251 1181 4337 principio
1204 4251 1341 4314 Inseruit
1362 4251 1519 4315 vocabula
1541 4275 1600 4318 sua
1624 4255 1684 4319 sic:
1709 4254 1827 4319 Sollius
1842 4255 1941 4336 Apol·

287 4355 403 4419 linaris
425 4354 587 4420 Sidonius.
631 4356 662 4419 A
678 4354 838 4418 Mamerto
855 4353 1046 4433 Claudiano,
1070 4355 1124 4438 qui
1141 4354 1171 4416 ei
1188 4354 1353 4438 inscripsit
1369 4354 1486 4418 librum
1503 4355 1543 4419 de
1559 4363 1646 4421 statu
1663 4358 1801 4439 animae,
1825 4360 1941 4445 appel-

287 4460 373 4523 latur
396 4466 430 4524 et
451 4461 484 4524 in
507 4459 710 4545 praelatione
732 4465 765 4522 et
794 4458 827 4521 in
847 4459 953 4544 operis
976 4456 1111 4521 exordio
1134 4455 1250 4521 Saltim
1269 4455 1429 4534 Sidonius,
1452 4457 1570 4523 Sollius
1592 4467 1702 4525 eutem
1725 4463 1848 4547 passim
1873 4469 1941 4526 tam

288 4561 329 4625 ab
353 4561 425 4625 aliis
449 4583 545 4646 quam
569 4582 589 4624 a
612 4583 647 4626 ss
671 4562 741 4647 ipse
765 4561 831 4645 (15,
844 4562 872 4624 3.
899 4564 1012 4643 19,11.
1036 4564 1156 4641 91,12.
1184 4563 1243 4625 169
1267 4583 1296 4626 v.
1317 4564 1366 4627 16.
1390 4583 1417 4627 c.
1432 4561 1561 4637 XXIII,
1587 4566 1652 4646 18),
1677 4565 1755 4629 item
1774 4564 1942 4630 a'Ruricio

287 4665 320 4728 in
349 4665 489 4750 epistula
517 4665 539 4730 l.
559 4664 592 4728 II
619 4686 670 4751 cp.
688 4667 728 4728 26
758 4664 802 4751 (p.
825 4666 970 4746 331,32)
998 4665 1120 4749 scripta
1149 4664 1191 4729 ad
1217 4665 1319 4728 filiurn
1347 4664 1470 4729 Sidonii
1502 4687 1608 4752 neque
1640 4667 1735 4732 aliter
1768 4670 1809 4733 ab
1841 4670 1942 4734 Avito

287 4769 470 4835 Viennensi
500 4791 552 4855 cp.
572 4773 608 4833 51
629 4769 699 4854 (45)
728 4776 761 4833 et
789 4791 809 4833 a
837 4769 994 4853 Gregorio
1022 4769 1204 4834 Turonensi
1234 4769 1325 4854 (hist.
1348 4769 1402 4836 Fr.
1419 4775 1449 4849 4,
1471 4772 1508 4833 12
1536 4777 1569 4834 et
1599 4771 1633 4835 in
1666 4771 1777 4836 libello
1807 4772 1847 4836 de
1876 4773 1941 4836 vir-

288 4874 411 4937 tutibus
435 4874 539 4938 sancti
561 4873 680 4937 Iuliani
703 4893 730 4938 e.
751 4873 783 4957 2)
809 4871 926 4937 Sollius
946 4877 1059 4936 noster.
1106 4872 1205 4957 Signo
1228 4874 1296 4937 solo
1321 4874 1408 4938 etin
1432 4875 1645 4960 epistularum
1675 4875 1942 4961 inscriptionibus

287 4978 388 5041 utitur
418 4982 451 5040 et
473 4977 658 5062 appellatur
690 4997 730 5039 eo
755 4979 870 5055 53‚15.
904 4982 1040 5059 115,st
1065 4999 1093 5041 c.
1108 4976 1186 5056 XII,
1204 4981 1255 5057 25,
1279 4984 1312 5042 et
1336 4978 1382 5041 ita
1404 4977 1523 5042 dicitur
1545 4978 1587 5042 ab
1610 4977 1727 5042 iisdem
1749 4978 1885 5043 Ruricio
1908 4979 1942 5042 in

288 5080 435 5165 epistulis
452 5080 492 5144 ad
509 5081 615 5165 ipsum
632 5079 717 5144 datis
741 5081 761 5145 l.
778 5080 804 5159 I,
829 5102 880 5167 ep.
898 5083 928 5147 8.
945 5085 975 5147 9.
994 5084 1032 5145 16
1054 5087 1087 5146 et
1103 5082 1143 5145 ab
1160 5081 1258 5145 Avito
1277 5101 1328 5167 ep.
1346 5083 1385 5145 43
1403 5080 1483 5167 (38).
1508 5085 1543 5144 51
1566 5080 1635 5166 (45)
1659 5082 1801 5166 itemque
1818 5083 1942 5166 passim

288 5182 484 5267 aGregorio
501 5182 694 5248 Turonensi.
719 5220 759 5230 —
782 5184 989 5250 Praenomen
1011 5185 1110 5269 igitur
1133 5192 1305 5250 servarunt
1329 5187 1542 5271 epistularum
1567 5184 1766 5269 subscriptio
1790 5191 1823 5248 et
1846 5183 1943 5249 Olau-

288 5285 421 5362 dianus,
451 5308 633 5371 cognomen
663 5287 806 5351 Modesti
836 5290 907 5352 sola
938 5289 1133 5375 subscriptio
1165 5288 1370 5375 panegyrici3
1405 5309 1510 5373 neque
1542 5289 1628 5352 enim
1658 5287 1791 5351 dubium
1825 5293 1877 5352 est
1909 5290 1942 5353 in

287 5390 404 5454 librum
425 5388 457 5466 G,
482 5391 535 5475 qui
561 5392 638 5455 item
662 5391 695 5454 in
718 5391 931 5476 epistularum
955 5393 1193 5478 subscriptione
1217 5393 1248 5457 id
1272 5399 1349 5458 ante
1364 5392 1563 5477 Apollinaris
1587 5392 1747 5455 collocare
1772 5392 1867 5473 solet,
1892 5393 1942 5455 in·

287 5491 387 5555 latum
412 5513 485 5556 esse
508 5493 771 5579 interpolatione.
