4462 6216
854 350 963 407 LIBER
980 351 1015 417 lI,
1038 351 1078 406 IX
1096 354 1112 420 θ
1129 353 1147 407 3
1165 382 1198 392 -
1216 353 1255 408 xl
1274 354 1291 422 fi
1308 353 1333 409 5.
1851 356 1914 419 319

272 520 373 585 vestri
402 543 529 586 mecum
557 523 734 589 abstulisse
758 524 936 609 conspicio.
982 530 1016 590 et
1038 527 1250 612 omnipotenti
1274 526 1336 592 deo
1360 527 1482 612 gratias
1511 548 1610 613 super
1639 531 1705 591 tam
1737 526 1919 591 admirabili
1951 529 1970 591 3
2001 522 2034 594 G

272 624 358 688 facto
381 625 452 689 eius
475 627 596 708 refero,
627 627 712 712 quod
734 628 780 692 ita
802 629 949 713 generali
972 629 1116 695 tribuere
1140 630 1384 716 dispensatione
1415 630 1566 716 dignatus
1595 637 1662 711 est,
1691 638 1728 694 nt
1753 631 1839 695 inter
1861 652 1917 695 cos

272 751 351 814 quos
374 731 520 794 locorum
544 732 716 796 intervalla
739 731 959 796 discriminant
982 733 1064 798 liber
1087 756 1125 798 ac
1150 735 1247 799 nullis
1271 736 1444 800 conclusus
1460 735 1629 800 absentiae
1646 734 1774 818 legibus
1791 734 1917 798 animus

273 841 471 898 commearet
494 834 640 919 nihilque
664 840 754 900 esset
777 843 844 900 tam
865 837 1127 923 impenetrabile,
1151 839 1236 925 quod
1262 839 1380 905 mentis
1403 838 1590 925 aspectibus
1613 859 1679 902 non
1696 842 1834 923 pateret,
1857 837 1916 902 sed

232 950 243 987 ⁵
271 958 331 1022 per
355 937 461 1002 cordis
484 939 636 1003 intuitum
660 939 735 1005 inde
760 941 951 1006 seinvicem
971 943 1046 1023 cari,
1070 943 1177 1027 gratia
1192 944 1440 1024 intercurrente,
1464 943 1702 1029 conspicerent,
1725 941 1783 1006 ubi
1799 941 1917 1006 caritas

271 1041 343 1126 ipsa
376 1043 533 1109 consistit.
600 1049 634 1108 et
670 1043 745 1109 ideo
788 1045 928 1109 salutem
965 1047 1174 1132 plenissimae
1212 1069 1291 1133 erga
1330 1069 1400 1129 me,
1443 1054 1599 1132 quantum
1638 1045 1769 1131 propria
1810 1051 1918 1110 menta
1950 1050 1969 1108 4

272 1145 411 1223 conicio,
441 1147 556 1231 pietati
583 1153 713 1212 vestrae
745 1147 913 1230 deferens,
946 1150 1034 1214 omni
1065 1172 1199 1236 precum
1230 1151 1407 1216 ambitione
1436 1150 1591 1236 deposco:
1628 1150 1655 1213 si
1682 1149 1776 1213 nobis
1805 1169 1918 1235 parem

272 1250 453 1333 repensatis
476 1251 641 1330 affectum,
664 1252 690 1315 si
714 1251 812 1316 simili
835 1273 895 1317 nos
919 1254 1054 1319 caritate
1077 1253 1222 1340 diligitis,
1246 1256 1274 1320 si
1294 1255 1416 1340 aliquid
1432 1255 1465 1318 in
1479 1253 1660 1319 visceribus
1676 1252 1793 1317 vestris
1808 1273 1918 1318 amore

270 1359 382 1416 noster
405 1360 567 1439 oporatur,
598 1355 625 1418 si
649 1376 753 1440 usqae
777 1356 816 1421 ad
848 1357 1007 1423 medullas
1039 1358 1270 1423 cordisvestri
1299 1359 1432 1423 dilectio
1461 1363 1575 1421 nostra
1603 1357 1767 1442 pervenit,
1797 1357 1825 1421 si
1851 1361 1915 1421 tam

220 1470 244 1506 1⁰
272 1477 330 1519 vos
353 1478 411 1542 pro
435 1479 486 1522 me
511 1479 607 1543 quam
631 1480 683 1523 me
708 1480 767 1545 pro
791 1460 882 1525 vobis
906 1461 1079 1527 dulcedine
1109 1463 1281 1548 potestatis
1310 1462 1471 1541 edomuit,
1500 1467 1536 1524 ut
1563 1459 1699 1546 imperio
1726 1460 1829 1546 ipsius
1856 1481 1917 1524 nec

270 1560 400 1645 possitis
424 1563 579 1627 resistcre
603 1584 663 1628 nce
686 1564 804 1644 velitis,
832 1564 874 1629 ad
896 1565 1137 1632 desiderantem
1160 1568 1304 1650 fratrem,
1336 1569 1363 1633 si
1385 1566 1565 1644 desideras,
1589 1563 1781 1650 quantocius
1806 1564 1918 1628 venire

270 1663 397 1745 festina,
420 1665 579 1730 beneficio
604 1674 636 1730 et
658 1668 852 1752 promissum
869 1670 1034 1736 soluturus
1053 1671 1201 1736 debitum
1217 1678 1250 1737 et
1265 1679 1413 1737 mutuum
1429 1671 1636 1755 mitigaturus
1652 1668 1820 1742 affectum
1843 1669 1919 1753 quia

271 1788 378 1832 coram
407 1769 505 1854 positi
532 1771 703 1855 aequalem
728 1771 821 1836 vobis
851 1774 992 1857 gratiam
1022 1775 1062 1839 dc
1092 1782 1205 1840 nostra
1232 1774 1503 1861 contemplatione
1528 1779 1561 1837 et
1584 1772 1798 1836 collocutione
1821 1793 1917 1857 prae-

273 1871 431 1935 stabimus
456 1879 661 1958 tantumque,
693 1875 733 1954 si,
758 1883 794 1940 nt
817 1877 975 1962 diligeris,
999 1878 1124 1965 diligis,
1147 1902 1168 1945 a
1188 1902 1241 1945 mc
1263 1880 1464 1945 retribuetur
1486 1877 1614 1943 caritati
1636 1883 1730 1955 tuae,
1759 1880 1916 1961 quantum

222 1989 245 2025 1⁵
274 1983 309 2039 tn
332 1997 425 2039 meac
449 1977 520 2061 ipse
545 1977 713 2042 detuleris.
757 2000 818 2044 nec
842 2002 921 2047 sanc
947 1982 980 2047 in
1003 1983 1164 2049 veniendo
1187 1984 1412 2069 fatigationem
1435 1981 1556 2068 poteris
1572 1979 1757 2060 formidare,
1774 1980 1859 2064 quia,
1881 1986 1918 2043 ut
1949 1983 1968 2041 5

270 2078 325 2143 illc
355 2078 451 2157 dixit,
474 2080 569 2144 vicit
599 2082 676 2145 iter
703 2081 843 2147 durum
871 2085 999 2170 pictas
1031 2093 1065 2151 et
1090 2087 1183 2151 iuxta
1211 2088 1394 2172 apostolum
1422 2092 1568 2151 nostrum
1598 2085 1750 2149 caritas
1779 2084 1918 2148 omnia

271 2184 469 2263 sustinet,
501 2206 585 2269 quae
614 2207 675 2250 nec
707 2189 834 2272 quaerit
857 2210 941 2274 quae
965 2210 1025 2254 sua
1047 2196 1123 2254 sunt
1145 2211 1205 2255 nec
1229 2212 1382 2276 umquam
1406 2190 1496 2255 novit
1519 2187 1690 2254 excedere.
1735 2193 1915 2273 opportune

271 2287 369 2349 etiarn
392 2287 591 2355 desideranti
613 2288 728 2354 viatori
751 2293 946 2356 autumnalis
969 2294 1125 2380 temporis
1149 2295 1301 2379 congruit
1324 2315 1397 2358 cunr
1421 2294 1557 2358 caritate
1582 2291 1769 2378 temperies,
1792 2291 1819 2355 si
1842 2312 1916 2354 eam

270 2395 379 2455 tamen
404 2393 599 2476 praeteritae
622 2393 758 2458 aestatis
782 2396 891 2460 fervor
914 2397 1080 2479 accendat,
1103 2419 1167 2463 uon
1189 2398 1393 2464 advenientis
1416 2398 1532 2463 hiemis
1556 2398 1649 2482 algor
1671 2396 1870 2480 exstinguat.

1064 2655 1125 2722 XI.

725 2809 837 2874 ITEM
859 2809 1083 2876 EPISTULA
1104 2810 1252 2877 DOMNI
1273 2808 1461 2877 RURICII.

373 2927 539 3021 Remuria
561 2957 679 3021 litteris
696 2955 789 3036 meis,
812 2957 953 3022 fortasse
970 2957 1148 3035 miraberis,
1172 2957 1257 3042 quod
1275 2956 1475 3021 venerationi
1491 2962 1568 3019 tuae
1588 2955 1701 3019 fratri
1718 2953 1914 3039 scripserim,
1950 2956 1962 3014 l

271 3079 344 3121 eum
369 3059 430 3123 hoe
454 3081 513 3123 nec
536 3063 636 3124 aetati
659 3068 789 3125 nostrae
813 3061 985 3125 conveniat
1007 3082 1068 3125 nec
1095 3061 1223 3144 honori,
1255 3063 1330 3147 quia
1358 3061 1441 3125 sicut
1469 3082 1522 3125 me
1551 3059 1655 3124 maior
1683 3081 1718 3124 es
1745 3065 1840 3137 natu,
1871 3059 1917 3121 ita

270 3163 375 3227 minor
404 3185 439 3227 es
472 3164 585 3249 gradu.
637 3171 670 3230 et
696 3165 786 3246 ideo,
820 3165 847 3228 si
875 3165 915 3229 ad
949 3170 1039 3229 tuam
1068 3164 1129 3229 dec
1160 3166 1298 3251 propitio
1328 3165 1581 3249 longaevitatem
1613 3168 1670 3227 aut
1700 3161 1741 3227 ad
1771 3167 1916 3225 nostram

217 3278 242 3316 ‘2³
269 3268 529 3351 respexissemus
554 3269 879 3349 administrationem,
909 3275 965 3333 aut
988 3269 1073 3355 patri
1095 3268 1238 3334 scribere
1261 3268 1479 3334 debueramus
1502 3275 1559 3332 aut
1580 3267 1658 3334 filio.
1692 3265 1760 3330 *sed
1784 3265 1860 3350 quia
1883 3271 1916 3329 et
1948 3267 1968 3327 2

271 3375 403 3434 sanctus
427 3369 591 3436 lohannes
623 3373 792 3459 apostolus
824 3373 857 3436 in
888 3372 1031 3457 epistula
1058 3392 1118 3436 sua
1144 3371 1218 3437 unis
1251 3371 1437 3457 eisdemque
1460 3377 1494 3436 et
1516 3370 1664 3456 patribus
1688 3376 1722 3434 et
1744 3368 1915 3433 iuvenibus

272 3473 386 3537 scribit
410 3482 443 3539 et
465 3477 590 3561 pueris,
619 3475 745 3541 dicens:
778 3475 907 3540 scribo
931 3476 1059 3555 vobis,
1087 3481 1238 3560 patres,
1270 3476 1362 3560 quia
1392 3475 1639 3560 cognovistis
1667 3495 1751 3538 enm
1782 3474 1846 3560 qui
1867 3472 1915 3536 ab

271 3576 383 3641 initio
415 3584 481 3644 cst.
522 3580 655 3644 scribo
678 3580 805 3658 vobis,
837 3580 1017 3659 invenes,
1048 3579 1148 3663 quia
1176 3579 1330 3645 vicistis
1359 3579 1585 3664 malignum.
1629 3578 1760 3643 scribo
1783 3576 1915 3656 vobis,

270 3681 396 3764 pueri,
421 3683 518 3767 qnia
541 3684 794 3768 cognovistis
817 3688 980 3771 patrem.
1018 3703 1083 3767 qua
1102 3682 1300 3748 discretione
1316 3683 1491 3747 verborum
1505 3704 1571 3746 non
1587 3689 1729 3747 aetatem
1745 3679 1915 3748 exterioris

271 3783 410 3849 hominis
443 3786 501 3851 sed
535 3789 725 3873 qualitatem
754 3787 919 3852 interioris
948 3787 1103 3871 assignat.
1154 3788 1186 3850 in
1216 3792 1372 3873 quantum
1403 3787 1490 3851 enim
1517 3787 1550 3850 in
1581 3785 1633 3850 dei
1665 3785 1850 3871 cognitione
1877 3805 1916 3848 ac
1948 3785 1967 3846 3

271 3885 445 3952 dilectione
475 3891 674 3975 proficimus,
704 3896 815 3976 patres
847 3891 918 3954 sinc
949 3889 1048 3954 dubio
1078 3909 1314 3974 nuncupamur.
1360 3890 1394 3954 in
1427 3894 1584 3975 quantum
1607 3910 1686 3954 vero
1716 3894 1829 3953 contra
1858 3886 1916 3952 ad-

270 3993 464 4074 versarium,
495 3995 550 4079 qui
578 4002 778 4080 tamquam
806 3994 868 4058 lec
898 3993 1056 4072 circuit,
1088 4014 1285 4079 quaerens
1313 4013 1424 4078 quem
1453 3992 1631 4073 devoret,
1661 3992 1798 4057 viriliter
1820 3989 1915 4054 dimi-

272 4116 394 4175 camus,
419 4098 555 4163 iuvenes
579 4118 652 4162 csse
677 4098 911 4183 cognoscimur.
948 4099 981 4162 in
1004 4105 1161 4184 qnantum
1177 4119 1255 4162 vero
1273 4097 1443 4162 socordiae
1460 4097 1670 4183 desidiaeque
1687 4097 1917 4161 committimur

271 4206 305 4264 et
328 4201 368 4264 ad
392 4202 606 4268 incedendam
629 4203 856 4267 mandatorum
872 4204 958 4267 viam
981 4202 1058 4268 fidei
1081 4202 1269 4267 infirmitate
1293 4202 1461 4266 deficimus
1484 4207 1581 4287 atque
1605 4200 1647 4266 ad
1670 4198 1855 4266 contuenda
1877 4219 1916 4262 ae

218 4341 235 4353 ··
271 4305 460 4389 peragenda
481 4314 658 4392 praecepta
680 4306 789 4370 divina
812 4328 831 4371 a
855 4307 1072 4371 saecularium
1095 4313 1227 4370 actuum
1250 4306 1432 4371 intentione
1456 4306 1551 4391 quasi
1574 4327 1593 4370 e
1616 4326 1730 4369 somno
1748 4305 1915 4390 segniores

271 4409 488 4491 assurgimus,
520 4411 699 4474 rectissime
729 4431 905 4496 puerorum
935 4410 1071 4474 levitate
1102 4431 1285 4475 censemur.
1336 4408 1423 4474 unde
1455 4415 1489 4474 et
1520 4409 1688 4494 apostolus
1716 4409 1840 4473 Paulus
1870 4409 1916 4472 ita
1947 4413 1966 4471 4

271 4520 456 4576 commonet
478 4515 724 4598 neglegentem:
756 4536 873 4599 surge
903 4515 971 4599 qui
998 4513 1146 4579 dormis
1179 4519 1219 4578 et
1251 4534 1422 4599 exsurge
1446 4535 1466 4577 a
1487 4513 1653 4577 mortuis
1683 4518 1716 4577 et
1744 4512 1914 4596 continges

272 4611 438 4677 Christum
470 4617 538 4680 sive
569 4618 838 4682 inluminabit
867 4623 907 4682 te
931 4616 1133 4683 Christus.
1177 4638 1252 4680 nam
1282 4621 1314 4680 et
1343 4615 1492 4681 dominus
1514 4616 1547 4680 in
1571 4617 1758 4701 evangelio,
1789 4615 1916 4680 cumei
1948 4618 1967 4676 5

271 4739 292 4781 a
322 4718 609 4785 circumstantibus
645 4720 821 4786 diceretur:
866 4741 955 4785 eccs
993 4726 1121 4786 mater
1160 4726 1229 4785 tua
1265 4727 1304 4784 οι
1341 4720 1491 4785 fratres
1530 4721 1589 4784 tui
1626 4725 1826 4807 quaerunt
1862 4726 1915 4802 tc,

375 4928 407 4980 16
425 4926 509 4995 Verg.
527 4925 654 4991 AenVl,
671 4928 732 4982 688.
789 4928 811 4982 Ι.
829 4927 890 4982 Cor.
909 4927 984 4990 XIII,
1002 4928 1027 4980 7.
1123 4925 1156 4981 17
1176 4928 1200 4981 Ι.
1215 4925 1276 4980 Cor.
1294 4924 1370 4989 XIII,
1388 4929 1413 4982 5.
1432 4928 1457 4981 8.
1550 4928 1584 4981 21
1608 4927 1915 4995 1.10snn.11,13.14.

270 5015 304 5067 32
327 5015 346 5067 I.
366 5015 424 5068 Pet.
437 5014 470 5078 V,
489 5018 513 5068 8.
600 5015 633 5069 31
657 5014 758 5085 prcs.
772 5013 805 5078 V,
824 5014 865 5070 14.
952 5013 1213 5078 senosanam.

374 5156 386 5206 l
408 5157 455 5207 deo
468 5183 499 5191 -
512 5154 529 5206 6
546 5152 673 5221 consistit]
691 5172 722 5206 aa
739 5155 849 5221 epistola
860 5152 954 5205 Fausti
969 5172 1010 5205 nr.
1024 5154 1083 5218 111,
1099 5171 1182 5221 supra
1194 5172 1223 5221 p.
1239 5158 1297 5218 269,
1310 5155 1354 5205 14
1371 5155 1465 5205 inmisso
1477 5154 1598 5205 Ruricius
1614 5154 1689 5220 infra
1701 5153 1743 5215 ΙΙ,
1752 5155 1787 5204 62
1803 5152 1917 5218 repetitis

269 5244 286 5295 3
304 5246 452 5296 discrimem
466 5246 490 5295 G
552 5243 693 5295 conclus&
804 5240 821 5293 o
838 5239 1011 5310 plenissimae]
1030 5241 1136 5307 scripsi,
1152 5242 1300 5308 planissime
1321 5242 1359 5306 G,
1381 5243 1566 5293 sincerissimae
1583 5242 1658 5307 infra
1673 5258 1700 5306 p.
1717 5242 1783 5302 343,
1807 5239 1824 5289 i.
1841 5245 1865 5289 4.
1884 5241 1918 5290 36

270 5329 455 5381 ldslerentlx'
553 5328 755 5381 Scariatsmd
813 5324 944 5394 amore]G
1043 5325 1098 5379 asi
1115 5325 1177 5394 tarn]
1190 5328 1290 5394 scripsi,
1308 5329 1372 5380 sica
1386 5328 1418 5391 G,
1435 5330 1456 5378 si
1474 5328 1510 5378 ita
1520 5326 1638 5377 Cossisirss
1735 5324 1768 5376 ll
1787 5326 1918 5377 nellitisG

270 5415 300 5482 si]
316 5418 352 5479 (ι’,
369 5435 417 5465 om.
432 5416 550 5467 Canisirss
608 5412 744 5481 desideras]
770 5415 872 5480 scripsi,
894 5412 1078 5465 desideransG
1173 5411 1328 5480 larciana]
1353 5414 1457 5479 scripsi,
1480 5413 1649 5465 festinabat}
1745 5410 1778 5464 13
1801 5413 1918 5464 nobistr'

272 5500 302 5552 17
321 5503 505 5568 oportunaeti
587 5499 619 5552 19
637 5498 751 5566 aestatis]
769 5501 797 5550 in
814 5518 867 5551 ras.
882 5499 922 5551 θ’
993 5498 1026 5550 21
1045 5500 1132 5551 domni
1149 5501 1265 5552 rnriciG
1345 5499 1379 5551 ‘22
1396 5501 1492 5552 relictis
1506 5500 1545 5551 0¹
1591 5554 1596 5567 ,
1624 5498 1658 5551 ‘28
1676 5501 1744 5551 aribo
1762 5529 1795 5537 —
1813 5501 1918 5552 sribcfit

269 5588 304 5640 ‘29
321 5591 443 5641 ιιοιιιιοίτ1
546 5587 581 5640 30
597 5589 719 5655 qualitate
734 5587 758 5638 (sl
860 5584 894 5639 33
910 5587 1052 5639 iuuenis&
1119 5588 1297 5654 cognoscimus
1313 5588 1337 5638 G
1443 5586 1478 5642 36
1495 5583 1610 5656 leuitate]
1631 5586 1761 5653 Oaniss'rss,
1784 5587 1880 5641 lenitas
1895 5586 1918 5639 G

269 5673 302 5731 31
320 5677 485 5747 contingisG
588 5672 622 5731 38
639 5675 848 5731 iruuminsuito
950 5673 984 5729 39
1001 5673 1039 5748 te]
1056 5675 1145 5729 osni}
