4462 6216
907 372 1218 428 Vecta-vaae.

615 545 745 613 Thesea
767 547 915 627 Pirithoi,
937 545 1086 632 Pyladen
1110 547 1138 612 si
1162 549 1277 612 stravit
1299 547 1441 614 Orestae

614 652 666 715 vel
690 649 868 715 furibunda
890 671 1016 732 manus,
1040 657 1171 737 raperet
1194 671 1267 716 cum
1291 650 1433 716 Taurica
1456 672 1550 717 sacra

546 769 585 808 ²⁹⁰
616 755 786 820 matricida
808 757 893 841 pius.
938 756 994 820 sed
1019 775 1060 821 ne
1085 756 1248 842 sprevisse
1272 756 1420 822 dolorem

615 860 701 924 forte
724 865 816 924 tuum
839 859 962 939 videar,
986 860 1074 925 vivat
1097 867 1271 946 careatque
1295 881 1471 948 parumper

615 964 741 1028 militia.
787 964 852 1030 heu
874 965 980 1050 potuit
1003 965 1109 1047 nobis,
1133 966 1196 1030 nisi
1220 966 1314 1031 triste
1337 974 1500 1053 putasses.

615 1069 779 1133 fortunam
802 1068 925 1135 debere
948 1067 1061 1134 suam!
1108 1070 1155 1134 sie
1179 1071 1267 1135 fatur
1289 1077 1323 1136 et
1344 1071 1435 1136 illum

615 1194 690 1238 rure
714 1172 805 1237 iubet
828 1174 934 1260 patrio
958 1180 1071 1240 suetos
1094 1180 1222 1240 mutare
1246 1175 1385 1255 labores,

546 1291 583 1326 ’ἢ
616 1276 755 1341 latorum
780 1285 931 1342 comente
955 1285 1038 1358 rota,
1062 1299 1125 1364 quo
1148 1278 1292 1344 disceret
1314 1280 1385 1364 agri

615 1378 692 1465 quid
715 1401 939 1466 possessorem
963 1389 1104 1459 mancat,
1128 1402 1209 1466 quos
1233 1382 1375 1468 denique
1398 1402 1505 1446 moros

616 1484 666 1548 ius
689 1483 786 1548 civile
809 1492 914 1570 paret,
938 1506 979 1550 ne
1003 1487 1106 1550 solam
1129 1485 1242 1550 militis
1265 1492 1368 1550 artem

616 1588 717 1653 lerret
740 1586 781 1652 ad
804 1589 987 1674 imperium.
1033 1588 1251 1676 suspenderat
1273 1589 1363 1653 ilicet
1385 1609 1476 1653 arma

616 1692 771 1755 emeritus
795 1692 932 1773 iuvenis,
956 1693 1076 1758 sterilis
1099 1694 1221 1758 ieiunia
1244 1699 1353 1759 terrae

548 1811 566 1844 τι
620 1816 751 1859 vomere
774 1795 962 1861 fecundans.
1009 1797 1056 1861 sic
1080 1796 1242 1883 quondam
1266 1798 1402 1862 consule
1425 1816 1524 1860 curvo

618 1899 768 1964 vertebas
793 1920 937 1986 campos,
960 1900 1093 1985 paulum
1116 1901 1143 1963 si
1165 1921 1246 1986 pace
1270 1907 1440 1985 sequestra

617 2003 755 2067 classica
778 2004 937 2083 laxasses,
961 2003 1055 2068 fortis
1079 2004 1131 2068 cui
1155 2004 1250 2069 laeva
1272 2003 1409 2089 regebat

617 2107 734 2170 stivam
757 2115 831 2192 post
853 2107 990 2192 aquilas,
1014 2107 1128 2174 humili
1152 2108 1229 2173 dum
1253 2109 1364 2173 iuncta
1386 2108 1513 2172 camino

618 2210 750 2274 victoris
773 2211 897 2275 fumum
920 2210 1051 2277 biberet
1073 2213 1218 2298 palmata
1241 2211 1385 2277 bubulci.

550 2329 580 2363 Ἰ·
670 2314 831 2399 Principis
856 2315 983 2380 interea
1006 2315 1115 2409 gladio
1139 2317 1342 2381 lacrimabile
1366 2316 1468 2380 fatum

619 2419 782 2483 clauserat
805 2419 938 2491 Actius:
962 2419 1055 2484 cuius
1079 2440 1142 2505 quo
1166 2421 1268 2485 tutius
1292 2421 1348 2484 ille

616 2543 736 2605 magna
758 2521 916 2586 Palatinis
940 2523 1154 2607 coniungeret
1177 2524 1309 2609 agmina
1332 2523 1457 2602 turmis,

617 2630 733 2687 evocat
756 2623 842 2687 hunc
865 2623 1034 2711 precibus;
1058 2624 1118 2689 sed
1142 2645 1204 2688 non
1229 2647 1264 2690 se
1289 2644 1394 2710 poeno
1417 2628 1561 2687 moratur

618 2727 786 2812 sanguinis
811 2727 906 2792 effusi
930 2727 1116 2813 (numerum
1141 2728 1321 2814 collegerat
1343 2748 1431 2813 ergo,

620 2852 682 2894 non
707 2830 850 2894 animum
873 2830 1016 2917 populi);
1039 2829 1117 2895 ferri
1140 2832 1228 2895 mala
1251 2831 1386 2895 crimina
1408 2830 1496 2895 ferro

618 2934 717 2998 solvit
740 2940 773 2998 et
797 2934 829 2997 in
853 2939 995 2997 vestram
1018 2934 1090 3021 plus
1114 2933 1255 2999 concidit
1278 2935 1334 3000 ille
1357 2936 1493 3000 ruinam.

620 3039 682 3100 inm
706 3043 784 3101 tunc
807 3036 977 3121 imperium
1001 3038 1185 3123 praesentis
1208 3038 1366 3125 principis
1388 3059 1486 3104 aurea

616 3139 793 3203 volvebant
815 3138 902 3203 bona
924 3138 993 3203 fata
1015 3140 1104 3216 colu3
1129 3128 1188 3206 sed
1211 3141 1344 3228 publica
1366 3140 1485 3206 damna

617 3242 770 3307 invidiam
796 3242 912 3327 fugere
935 3244 1006 3308 viri.
1051 3245 1247 3330 quicumque
1271 3245 1403 3310 fuemnt

548 3362 584 3397 ..a
619 3368 738 3410 nomon
761 3347 794 3410 in
817 3345 1006 3432 Augustum
1029 3347 1118 3428 lecti,
1141 3353 1279 3412 tenuere
1300 3349 1450 3413 relictum

618 3450 819 3515 Caesaribus
843 3451 977 3515 solium:
1001 3458 1174 3538 postquam
1197 3458 1233 3516 tu
1256 3459 1352 3538 capta
1374 3452 1513 3525 laboras,

618 3554 671 3619 hic
695 3552 782 3640 quod
804 3553 903 3618 habet
923 3554 1012 3620 fecit,
1058 3555 1234 3620 Traianum
1256 3555 1367 3620 Nerva
1390 3557 1528 3629 vocavit,

618 3679 691 3722 cum
715 3658 834 3743 pignus
857 3659 920 3722 iam
945 3659 1050 3724 victor
1073 3666 1160 3735 crat3
1184 3658 1399 3724 Germanicus
1423 3667 1513 3725 essct

617 3770 653 3826 ut
676 3762 790 3842 titulis,
813 3762 939 3827 meritis
963 3762 1081 3828 fuerat.
1125 3785 1180 3829 res
1203 3765 1316 3830 ordine
1339 3766 1454 3839 currit;

549 3883 567 3898 ··
619 3866 703 3929 hane
727 3865 830 3930 ambit
852 3866 984 3947 lamam,
1007 3868 1154 3953 quisquis
1177 3869 1224 3933 sio
1247 3869 1392 3955 incipit
1418 3868 1494 3933 olim

618 3976 693 4056 post
715 3968 862 4055 Capreas
884 3969 1007 4052 Tiberi,
1033 3976 1108 4058 post
1130 3972 1238 4058 turpia
1262 3973 1394 4037 numina
1417 3971 1490 4052 Gai,

618 4094 788 4140 censuram
812 4072 939 4156 Claudi,
963 4073 1122 4139 citharam
1144 4074 1372 4160 thalamosque
1394 4074 1542 4150 Neronis,

617 4187 692 4265 post
715 4180 842 4265 speculi
864 4181 1016 4245 immanis
1039 4202 1202 4269 pompam,
1227 4201 1291 4267 quo
1316 4201 1352 4244 sc
1376 4180 1432 4244 ille
1455 4179 1590 4245 videbat

620 4287 694 4351 hinc
717 4286 831 4371 turpis,
855 4286 942 4371 quod
964 4286 1111 4372 pulcher,
1135 4286 1233 4369 Otho,
1257 4293 1333 4372 post
1355 4286 1453 4370 quina
1469 4284 1583 4350 Vitelli

548 4406 585 4444 ³⁶2³
616 4393 705 4457 milia
728 4392 843 4456 famosi
867 4393 992 4457 ventris
1014 4391 1169 4457 damnata
1191 4391 1355 4471 barathro,

617 4496 669 4561 his
693 4497 795 4561 titulis
818 4497 971 4584 princeps
994 4498 1101 4564 lectus
1125 4498 1288 4583 similique
1312 4496 1426 4562 labore

618 4600 844 4686 Vespasianus
869 4609 950 4667 crat.
996 4601 1056 4667 sed
1079 4620 1120 4666 ne
1142 4602 1280 4666 fortasse
1305 4599 1441 4665 latronis

617 4726 670 4770 me
694 4706 838 4769 clausam
861 4706 981 4770 virtute
1003 4712 1110 4792 putes,
1135 4705 1338 4791 consumpsit
1359 4703 1394 4767 in
1416 4702 1473 4766 illo

618 4809 682 4872 vim
705 4810 813 4893 gentis
837 4810 925 4876 vitae
948 4811 1080 4888 vitium3
1105 4810 1292 4896 Scythicam
1315 4807 1481 4874 feritatem

253 4951 571 4961 —-——————-—-·
605 4953 608 4957 ·

350 5068 401 5121 383
422 5072 548 5139 pirithous
565 5069 641 5131 ΥΟΕ,
659 5071 795 5136 pyritheus
811 5068 833 5119 P
888 5072 998 5138 piladem
1013 5071 1036 5120 (l
1129 5068 1182 5122 390
1199 5070 1307 5121 matrida
1318 5068 1351 5119 Μ
1354 5076 1367 5107 ⁸
1464 5065 1515 5120 391
1534 5070 1623 5123 videas
1636 5070 1666 5121 Μ
1759 5065 1811 5120 333
1827 5066 1910 5119 aaa&

249 5156 354 5208 militiae
371 5166 399 5209 ot
412 5158 444 5208 M
503 5158 611 5225 potoasia
624 5156 657 5206 Μ
659 5164 673 5193 ⁸
768 5154 819 5206 294
837 5166 950 5211 mameae
967 5158 1006 5208 T·
1101 5155 1153 5209 335
1171 5156 1268 5223 quadi
1325 5157 1381 5223 agri
1393 5155 1497 5221 scripsi:
1513 5173 1576 5223 agro
1588 5157 1663 5209 codd.
1761 5150 1814 5204 390
1831 5154 1906 5205 darm¹

248 5258 299 5306 qne
315 5242 342 5292 P
448 5241 499 5295 337
518 5244 572 5295 sola
591 5243 623 5294 Μ
733 5240 784 5294 398
802 5245 969 5312 srrspcndsret
986 5245 1012 5296 P
1086 5245 1157 5297 ilices
1175 5243 1204 5294 F
1314 5240 1366 5293 303
1383 5243 1501 5293 ellassica
1517 5242 1618 5295 laxares
1636 5241 1662 5291 P
1733 5240 1840 5309 gerebat
1855 5238 1908 5291 u·

248 5326 299 5378 303
317 5331 418 5394 aqualis
436 5330 467 5379 Μ
570 5326 623 5380 304
640 5332 736 5381 sumam
755 5329 786 5391 P,
804 5332 914 5384 fulmum
932 5332 961 5383 F
1027 5333 1134 5400 pubulci
1147 5332 1189 5382 1²·
1294 5328 1345 5381 306
1362 5330 1464 5381 aethios
1481 5327 1552 5379 TFP
1653 5323 1705 5378 300
1723 5327 1874 5393 accingeret
1885 5323 1911 5374 Ρ

248 5411 302 5464 310
318 5416 426 5466 animani
440 5416 462 5464 (J
518 5418 584 5467 serre
600 5417 666 5467 mule
680 5415 719 5480 M,
736 5419 813 5468 ferret
831 5418 899 5470 mala
908 5417 936 5468 F
1024 5416 1076 5470 311
1094 5419 1177 5470 solvet
1189 5416 1222 5467 Μ
1305 5413 1358 5467 313
1374 5415 1509 5467 solvebant
1523 5414 1558 5464 0¹
1646 5410 1699 5464 315
1716 5413 1845 5464 retinuere
1856 5409 1891 5462 Μ
1892 5416 1907 5446 ⁸

250 5497 303 5550 330
315 5498 390 5567 harre]
404 5503 445 5552 hic
456 5502 488 5552 Μ
490 5510 504 5538 ⁸
584 5500 632 5554 331
647 5519 751 5569 capraea
761 5503 791 5553 Μ
837 5506 920 5556 tiberii
936 5505 985 5569 TO,
997 5506 1090 5572 tyberii
1101 5505 1133 5569 F,
1144 5504 1247 5556 tiberini
1260 5503 1285 5553 P
1327 5502 1379 5569 gaii
1394 5498 1442 5563 Tb,
1453 5501 1519 5567 graii
1533 5498 1573 5548 T·
1664 5495 1717 5549 333
1728 5497 1822 5549 clandii
1838 5495 1910 5547 TFP

248 5587 379 5651 cytheram
398 5587 423 5637 P
534 5586 586 5640 333
607 5590 726 5642 inmamia
743 5607 849 5658 pompas
867 5609 932 5658 qnos
950 5600 976 5644 ot
993 5592 1026 5643 Μ
1135 5590 1187 5643 334
1205 5592 1275 5643 bunc
1293 5590 1375 5657 turpis
1393 5586 1450 5651 Μ·,
1473 5587 1519 5637 hin
1537 5584 1652 5653 pulchris
1670 5583 1699 5635 F
1774 5582 1866 5635 vitellii
1882 5580 1913 5635 F

249 5668 300 5723 333
318 5675 410 5726 vestris
428 5673 461 5725 Μ
562 5672 613 5727 330
631 5676 712 5728 labori
736 5674 830 5727 TOFP
930 5676 982 5731 338
999 5680 1115 5733 clausum
1136 5679 1159 5731 C

1645 5805 1701 5863 dd*
