4462 6216
839 343 888 396 xv
907 345 923 410 a
944 344 1026 396 14-
1045 344 1094 397 xv
1113 345 1129 411 s
1146 344 1188 398 aa.
1770 346 1832 407 279

196 517 320 576 torum
351 515 517 598 peribit,
547 524 751 581 terrenorum
781 515 957 602 eupiditate
984 525 1018 583 et
1040 519 1198 583 honorum
1220 518 1398 582 ambitione
1429 519 1593 598 submota,
1624 518 1728 582 solum
1758 514 1831 581 red·
1889 500 1958 575 GP

196 615 323 681 dendae
345 618 480 682 rationis
504 620 629 704 pondus
653 626 686 684 et
707 627 813 684 metus
835 621 1032 686 intolerandi
1054 622 1216 687 examinis
1233 620 1415 685 imminebit
1429 641 1489 685 nec
1505 621 1693 686 auferentur
1708 641 1833 700 sensus,

200 718 257 783 sed
280 720 322 784 ad
346 721 576 806 cogitationem
600 724 734 788 alterius
757 725 879 789 saeculi
901 726 1006 811 magis
1029 724 1174 811 expediti
1190 727 1381 811 alacresque
1396 725 1582 791 reddentur.
1620 724 1705 810 quod
1724 725 1886 790 autem25

197 823 237 902 de
261 824 334 908 ipsa
356 826 478 907 anima,
509 833 617 892 utrum
647 847 836 913 corporea
862 848 911 891 an
938 829 1182 916 incorporea
1205 830 1246 894 sit
1266 831 1416 914 postulas
1440 828 1585 903 edoceri;
1617 829 1726 914 itaque
1749 825 1836 913 quod

156 941 168 978 ⁵
198 930 398 1014 temporibus
420 952 486 995 non
508 931 684 996 includitur
706 951 768 995 nec
791 931 935 995 locorum
966 932 1112 997 terminis
1143 932 1346 1013 cohercetur,
1376 933 1461 1019 quod
1490 933 1549 996 soli
1579 931 1640 997 deo
1671 931 1836 1017 competit,

197 1033 259 1097 hoc
275 1038 399 1098 tantum
415 1034 641 1120 incorporeum
658 1055 732 1099 esse
750 1054 918 1118 cognosce.
957 1036 1042 1100 sieut
1056 1056 1139 1099 unus
1162 1035 1332 1100 doctorum
1354 1036 1494 1101 eximius
1518 1037 1683 1101 disserens
1706 1033 1833 1099 cuidam

201 1137 395 1216 sciscitanti,
418 1139 474 1202 ubi
496 1145 583 1204 esset
606 1138 703 1218 deus,
726 1138 772 1203 ita
793 1140 975 1226 respondit:
1006 1141 1087 1206 deus
1109 1162 1174 1205 non
1196 1140 1317 1204 alicubi
1341 1147 1405 1217 est,
1434 1139 1518 1226 quod
1543 1140 1661 1204 alicubi
1684 1145 1735 1203 est
1758 1159 1835 1202 con-

200 1241 320 1306 tinetur
341 1244 423 1325 loeo,
448 1245 532 1329 quod
556 1244 743 1310 continetur
765 1246 837 1311 loco
860 1266 975 1332 corpus
999 1252 1060 1310 est.
1106 1267 1189 1331 quae
1213 1266 1286 1309 eum
1308 1245 1353 1308 ita
1375 1244 1450 1325 sint,
1481 1244 1585 1308 omnis
1609 1264 1685 1308 caro
1708 1242 1887 1328 corpus,26

198 1365 264 1409 non
287 1366 382 1411 omne
406 1368 523 1432 corpus
548 1355 581 1414 et
603 1370 677 1414 caro
699 1354 764 1429 est,
794 1348 978 1434 etquidem
1002 1370 1066 1414 non
1088 1351 1192 1414 solum
1219 1350 1343 1427 anima,
1376 1347 1433 1412 sed
1456 1348 1553 1411 etiarn
1576 1346 1763 1431 angelorum
1786 1345 1835 1408 in-

146 1461 172 1500 10
201 1448 335 1513 visibilis
369 1452 586 1537 caelestisque
624 1452 824 1529 substantia,
859 1453 943 1517 sicut
970 1452 1130 1517 localibus
1163 1452 1277 1537 spatiis
1313 1452 1507 1530 continetur,
1541 1450 1587 1514 ita
1620 1449 1743 1513 auctori
1778 1468 1836 1511 suo

199 1572 357 1638 corporea
380 1575 454 1618 esse
478 1561 512 1619 et
542 1555 840 1640 comprehensibilis
870 1557 1077 1641 approbatur.
1123 1556 1201 1641 quid
1229 1561 1280 1620 est
1309 1555 1395 1643 enim
1423 1555 1484 1618 nisi
1514 1573 1722 1638 corporeum,
1753 1549 1888 1635 quodi'l

199 1654 239 1718 de
262 1658 412 1742 supernis
435 1658 568 1723 sedibus
590 1658 815 1744 proturbatum
838 1661 909 1724 loco
934 1660 1052 1724 cessit?
1098 1660 1175 1745 quid
1199 1659 1357 1744 estquod
1381 1658 1483 1722 sensit
1506 1657 1650 1720 ruinam?
1689 1654 1764 1739 quid
1788 1659 1838 1718 est

200 1759 284 1844 quod
306 1767 461 1826 aeternae
485 1763 634 1826 flammae
657 1762 835 1826 obnoxium
857 1768 1069 1849 praeparatur
1091 1761 1131 1827 ad
1154 1767 1312 1848 poenam?
1350 1761 1409 1827 sed
1424 1768 1458 1825 et
1472 1762 1542 1847 ipse
1557 1761 1675 1825 beatus
1691 1759 1837 1823 Lazarus
1847 1758 1888 1822 te

199 1869 273 1948 post
288 1864 415 1948 linguas
431 1864 656 1929 famulantium
671 1886 787 1930 canum
803 1871 974 1951 susceptus
990 1866 1140 1930 manibus
1156 1866 1354 1950 angelorum,
1378 1864 1418 1930 de
1435 1885 1497 1950 quo
1514 1865 1668 1949 legimus:
1693 1863 1838 1926 lactum

147 1977 171 2016 ¹⁵
201 1970 280 2046 est,
311 1973 355 2030 ut
384 1975 604 2033 moreretur
633 1967 842 2034 mendicus
874 1975 913 2033 et
940 1975 1172 2055 portaretur
1202 1969 1249 2033 ab
1273 1969 1428 2053 angelis
1451 1969 1487 2032 in
1511 1968 1622 2032 sinus
1645 1964 1838 2043 Abrahae,

200 2089 389 2154 corpoream
421 2092 495 2136 esse
524 2071 633 2136 docuit
665 2073 806 2136 animam
839 2092 945 2152 suam,
979 2071 1056 2137 dum
1088 2073 1121 2135 in
1153 2072 1243 2136 sinus
1271 2071 1441 2150 Abrahae,
1475 2070 1507 2134 id
1535 2078 1587 2137 est
1617 2072 1650 2134 in
1679 2075 1838 2134 remotum

197 2171 393 2258 beatumque
433 2180 608 2257 secretum,
650 2176 806 2260 angelicis
845 2177 983 2242 infertur
1020 2178 1198 2264 obsequiis.
1255 2179 1295 2243 de
1329 2178 1437 2242 anima
1471 2184 1580 2243 autem
1614 2199 1675 2242 sua
1708 2180 1838 2239 sanctus
1849 2176 1889 2239 29

196 2275 357 2361 propheta
397 2279 595 2363 pronuntiat:
640 2278 736 2344 educ
781 2278 830 2345 de
872 2301 1034 2346 carcere
1073 2282 1246 2346 animam
1285 2302 1426 2362 meam,
1467 2281 1501 2345 id
1535 2286 1585 2346 est
1622 2279 1662 2344 de
1704 2277 1835 2365 hospitii

198 2380 375 2464 corporalis
413 2382 585 2466 angustiis.
640 2382 715 2447 ideo
754 2382 882 2447 factura
921 2384 1009 2463 eius,
1054 2405 1136 2469 quae
1170 2386 1223 2448 vel
1262 2391 1470 2469 peccatorum
1503 2383 1616 2448 iaculis
1651 2382 1841 2447 vulneratur

146 2494 172 2536 2⁰
201 2483 253 2546 vel
274 2505 379 2568 usque
402 2484 444 2549 ad
467 2484 595 2550 divinae
618 2485 768 2571 imaginis
791 2484 891 2550 decus
922 2507 982 2572 per
1010 2487 1184 2572 qualitates
1213 2493 1337 2552 mutata
1362 2487 1559 2573 provehitur,
1589 2486 1713 2570 absque
1742 2483 1840 2549 dubio

201 2592 235 2649 et
258 2584 319 2650 deo
344 2593 376 2651 et
398 2588 541 2672 angelis,
565 2610 585 2652 a
608 2588 725 2673 quibus
749 2588 981 2675 comprehendi
1004 2598 1038 2656 et
1060 2591 1231 2656 transferri
1253 2597 1374 2676 potest,
1398 2610 1555 2676 corporea
1577 2610 1650 2655 esse
1674 2587 1841 2654 evidenter

200 2689 391 2754 ostenditur.
435 2691 664 2776 requirendum
686 2699 737 2757 est
759 2699 870 2759 autem
893 2694 1073 2774 intertiata,
1097 2694 1174 2779 quid
1196 2694 1276 2758 illud
1300 2696 1352 2774 sit,
1376 2694 1461 2779 quod
1485 2713 1556 2757 cum
1579 2699 1716 2776 uterque
1732 2692 1892 2771 homati)

199 2791 231 2855 id
255 2798 306 2857 est
329 2793 436 2858 anima
459 2801 492 2859 et
514 2815 642 2880 corpus,
665 2794 773 2861 adhue
795 2797 828 2861 in
852 2797 996 2882 paradisi
1019 2798 1155 2882 regione
1179 2796 1309 2862 diabolo
1333 2797 1550 2883 persuadente
1567 2795 1749 2880 deliquerit,
1772 2794 1842 2859 sola

200 2920 274 2965 caro
297 2921 356 2985 per
379 2900 601 2966 condicionem
624 2903 736 2969 mortis
759 2905 895 2968 multam
917 2903 1184 2989 transgressionis
1214 2901 1381 2988 exceperit
1413 2906 1446 2964 et
1476 2900 1563 2964 circa
1583 2897 1679 2964 unius
1701 2916 1841 2982 poenam

147 3013 172 3054 ²⁵
203 3004 395 3067 remanserit
427 3006 523 3091 culpa
552 3006 740 3070 communis.
791 3007 959 3073 sciendum
992 3028 1069 3092 ergo
1099 3013 1165 3088 est,
1199 3004 1286 3092 quod
1313 3005 1388 3070 ideo
1418 3025 1506 3068 mors
1535 3002 1577 3067 ad
1608 3002 1748 3066 animam
1775 3001 1888 3065 non3l

199 3107 363 3190 pervenit,
388 3108 463 3192 quia
486 3109 519 3171 in
542 3130 615 3173 eam
638 3108 785 3175 dominus
808 3111 984 3197 imaginem
1006 3131 1098 3175 suam
1121 3117 1155 3175 et
1178 3108 1423 3174 similitudinem
1447 3105 1631 3185 collocarit,
1662 3125 1737 3168 nam
1759 3103 1842 3167 sicut

198 3207 279 3273 deus
311 3211 516 3291 immortalis,
546 3212 742 3293 misericors,
771 3214 893 3295 iustus,
922 3214 1050 3300 patiens
1082 3219 1146 3292 est,
1178 3212 1224 3276 ita
1246 3211 1360 3276 harum
1383 3209 1468 3275 dona
1490 3211 1646 3274 virtutum
1667 3208 1701 3271 in
1724 3206 1840 3271 faciem

199 3314 303 3378 nostri
326 3315 486 3378 interioris
509 3315 662 3397 infundit,
685 3323 722 3381 ut
744 3324 865 3401 quanto
888 3318 1027 3403 quisque
1048 3317 1154 3401 magis
1176 3316 1317 3402 patiens,
1339 3314 1442 3399 magis
1456 3314 1573 3391 iustus,
1594 3311 1698 3395 magis
1713 3309 1839 3374 miseri-

202 3438 274 3482 cors
298 3418 488 3498 exsisteret,
517 3424 608 3482 tanto
630 3420 734 3504 magis
755 3419 885 3486 divinae
908 3421 1167 3507 participationis
1189 3440 1325 3484 munere
1348 3417 1515 3504 praeditus
1538 3420 1725 3503 appareret,
1756 3413 1841 3478 sicut

147 3533 174 3572 ³⁰
204 3522 370 3606 apostolus
386 3520 478 3585 dicit:
502 3523 541 3586 in
564 3522 797 3588 interiorem
820 3523 1024 3588 hominem
1046 3523 1226 3589 habitare
1250 3521 1452 3587 Christum
1475 3542 1548 3607 per
1569 3520 1702 3584 fidem.
1740 3518 1839 3581 inter-
1851 3517 1892 3580 32

200 3645 297 3708 rogas
326 3625 439 3703 etiam,
471 3646 528 3690 cur
556 3627 683 3691 animae
712 3648 784 3692 cum
816 3648 914 3693 carne
947 3647 1007 3692 sna
1034 3627 1156 3712 aliquid
1183 3647 1241 3713 pro
1269 3625 1428 3712 corporali
1459 3645 1569 3689 errore
1593 3642 1764 3688 commune
1787 3621 1839 3685 sit.

201 3727 284 3791 sicut
305 3727 461 3812 originale
485 3739 657 3815 peecatum
687 3751 745 3817 pro
777 3731 901 3796 unitate
929 3731 1109 3816 corporalis
1140 3729 1271 3816 hospitii
1303 3736 1475 3813 utrumque
1505 3727 1741 3812 complectitur,
1772 3722 1842 3810 pari

201 3836 339 3916 uterque
363 3831 459 3896 modo
481 3833 514 3896 in
538 3839 748 3917 peecatorum
771 3834 927 3900 societate
951 3834 1197 3919 constringitur,
1214 3835 1261 3898 ita
1283 3832 1331 3898 eis
1353 3832 1387 3896 in
1410 3831 1579 3896 criminum
1592 3827 1840 3916 participatione

201 3954 267 3998 una
290 3954 389 3999 causa
412 3941 474 4015 est,
498 3936 582 4000 sicut
604 3936 637 4000 in
652 3938 807 4002 virtutum
830 3937 1093 4003 remuneratione
1113 3958 1171 4022 par
1185 3936 1290 4021 gloria
1306 3941 1367 4000 est.
1403 3954 1579 4019 numquam
1594 3933 1680 3998 enim
1693 3930 1891 3997 ‚exteriorne

150 4049 175 4088 ³⁵
204 4037 238 4100 in
262 4035 427 4104 baratrum
449 4039 597 4104 luxuriae
625 4039 770 4122 caderet,
803 4038 868 4105 nisi
896 4041 928 4106 ei
951 4061 1143 4106 consensum
1166 4039 1342 4126 praeberet
1362 4037 1505 4103 interior.
1548 4058 1606 4102 nos
1628 4037 1717 4123 ipsos
1739 4035 1838 4099 inter-

204 4162 354 4225 rogemus
378 4147 412 4206 ct
432 4143 516 4206 intra
538 4164 598 4208 nos
621 4145 799 4230 poterimus
828 4164 1024 4229 agnoscere,
1054 4142 1139 4228 quod
1168 4163 1260 4207 mens
1289 4141 1420 4208 domina
1450 4148 1582 4207 exercet
1610 4139 1781 4226 imperium
1808 4144 1841 4203 et

303 4347 387 4416 sup.
407 4348 520 4402 Paulini
537 4366 578 4402 nr.
592 4347 665 4413 XIV,
683 4349 736 4415 §b
826 4348 1086 4415 leicestriae.
1176 4348 1208 4402 18
1226 4346 1375 4412 ΡοῦΧΙιΙ,
1393 4347 1417 4401 8.
1504 4346 1540 4401 30
1556 4345 1656 4416 Ephes.
1671 4345 1719 4409 ΠΙ,
1738 4346 1779 4400 16.
1799 4344 1839 4398 l'l.

201 4432 234 4484 31
253 4432 303 4502 Ep.
322 4433 435 4487 Paulini
453 4452 494 4489 nr.
506 4434 570 4488 XIV
589 4436 640 4499 §a
1175 4445 1177 4448 ⁴

306 4557 319 4608 1
339 4559 463 4609 bonorum
477 4556 521 4622 (1)
629 4555 646 4608 2
663 4559 774 4609 rationes
786 4557 812 4608 P
878 4555 971 4624 metus]
990 4553 1114 4610 cobusG
1181 4556 1316 4607 inminebit
1330 4555 1361 4620 θ,
1377 4557 1495 4619 inminib3
1507 4554 1533 4605 P
1633 4554 1650 4608 3
1667 4553 1710 4621 ad]
1729 4572 1778 4605 aaa.
1793 4552 1837 4618 (P)

200 4643 342 4709 alacrisque
361 4642 405 4707 (P)
510 4642 647 4712 dpostula
663 4661 691 4696 se
709 4644 794 4696 doceri
814 4643 845 4708 0,
866 4644 971 4696 edocere
989 4644 1015 4695 P
1114 4641 1132 4694 5
1148 4642 1293 4694 includetur
1310 4641 1337 4691 P
1435 4639 1452 4692 6
1469 4639 1612 4708 doctorum]
1633 4642 1664 4706 0,
1688 4642 1775 4692 doctor
1794 4638 1838 4704 (P)

200 4726 218 4777 8
235 4725 279 4794 its]
298 4747 347 4780 cm.
369 4731 392 4781 a
477 4749 564 4782 omnes
582 4731 607 4782 P
724 4728 741 4782 9
759 4737 785 4782 et
801 4728 870 4797 caro]
888 4747 947 4782 caro
965 4728 1011 4795 (P)
1098 4725 1211 4796 quidem]
1230 4728 1334 4794 scripsi,
1351 4728 1411 4794 quia
1428 4727 1501 4778 codd.
1624 4726 1657 4778 10
1672 4735 1775 4779 auctme
1794 4723 1839 4790 (P)

203 4812 234 4865 ll
252 4816 342 4882 quot}
440 4816 472 4868 12
490 4819 666 4885 perturbatum
680 4815 725 4882 (P)
824 4815 856 4868 13
873 4816 988 4868 elaaarus
999 4814 1025 4866 P
1121 4813 1153 4867 15
1171 4814 1289 4865 mendictl
1302 4812 1327 4863 P
1389 4809 1471 4879 sinus]
1489 4814 1521 4878 P,
1537 4815 1596 4864 sinu
1616 4815 1647 4876 0,
1665 4814 1749 4865 sinum
1767 4812 1839 4879 Valp.

202 4898 233 4951 17
252 4902 400 4970 beatumqni
417 4903 443 4954 P
508 4907 557 4956 sua
575 4903 601 4954 P
701 4901 734 4954 18
750 4899 825 4969 edne]
844 4902 945 4954 domine
962 4901 1024 4953 edd.
1045 4901 1076 4965 G,
1093 4918 1141 4952 om.
1155 4898 1200 4964 (1)
1220 4916 1276 4950 cam
1295 4899 1367 4966 Valp.
1436 4901 1522 4951 anima
1539 4916 1596 4951 mea
1613 4899 1639 4949 P
1737 4896 1770 4950 19
1787 4915 1840 4950 cor

202 4991 302 5056 porales
320 4991 346 5040 P
411 4987 478 5057 ideo]
499 4990 558 5056 (Pl,
579 4992 648 5042 unde
665 5008 710 5058 pro
730 4989 754 5041 0
822 4985 889 5055 eins]
911 4988 1023 5056 corporis
1043 4988 1072 5038 ia
1094 5004 1143 5053 mg.
1161 4986 1236 5050 ada,
1259 4986 1304 5038 aad
1321 5003 1388 5038 crac.
1410 4986 1433 5037 G
1500 4985 1607 5037 maculis
1628 4985 1650 5035 0
1752 4981 1788 5036 20
1804 4985 1841 5035 di-

201 5077 259 5127 nini
277 5076 302 5127 P
380 5079 509 5143 qualitatis
526 5078 552 5129 P
635 5077 792 5144 prouehetur
810 5073 855 5139 (P)
974 5073 1008 5126 21
1027 5081 1053 5126 et
1069 5069 1177 5140 angelis]
1195 5072 1333 5139 angelino
1416 5073 1553 5124 transferre
1565 5070 1591 5122 P
1707 5069 1741 5122 22
1758 5077 1841 5122 osten·

201 5164 275 5215 detur
295 5162 339 5228 (P)
460 5162 494 5216 23
516 5160 551 5230 id]
570 5164 657 5215 orati
776 5159 811 5213 24
827 5162 986 5214 cndicionem
1003 5161 1028 5212 P
1112 5159 1326 5226 transgressiones
1344 5158 1370 5210 P
1452 5174 1521 5210 unns
1542 5158 1566 5209 θ
1684 5155 1719 5209 25
1738 5156 1842 5223 quaa

201 5245 235 5299 27
254 5252 400 5302 inmortales
420 5252 444 5301 θ
516 5247 610 5317 iustas]
630 5258 656 5302 et
672 5249 734 5301 add.
755 5246 799 5313 (l)
912 5246 947 5300 28
964 5248 1097 5300 interiores
1114 5247 1139 5298 P
1213 5246 1307 5297 infudit
1325 5245 1370 5310 (P)
1445 5246 1527 5312 magis
1544 5241 1653 5312 patiens]
1674 5244 1704 5306 0,
1726 5260 1774 5294 om.
1794 5241 1839 5307 (P)

202 5333 236 5387 29
253 5339 367 5388 existerit
382 5338 412 5401 G,
429 5339 573 5389 exstetisset
584 5336 611 5387 P
659 5342 732 5389 tantli
745 5337 770 5388 P
819 5344 950 5405 appareret
968 5363 1001 5373 -
1018 5332 1054 5388 30
1066 5331 1139 5401 dicit]
1155 5334 1186 5398 θ,
1203 5333 1330 5401 apparerit
1341 5331 1368 5382 P
1448 5329 1483 5383 30
1499 5332 1526 5382 in
1543 5331 1687 5382 interiorem
1699 5325 1837 5395 hominem]

202 5425 229 5474 in
251 5425 371 5475 interiore
399 5425 501 5475 homine
527 5423 640 5487 (homine
660 5424 693 5488 G)
713 5424 768 5489 GP,
793 5424 889 5475 virtute
912 5422 1070 5475 corroborari
1095 5437 1141 5488 per
1166 5420 1284 5487 spiritum
1311 5420 1367 5471 eius
1393 5419 1421 5469 in
1446 5418 1591 5469 interiorem
1617 5416 1745 5467 bominem
1768 5414 1840 5482 Valq.

201 5508 234 5561 31
254 5510 384 5577 corporale
400 5511 423 5561 θ
524 5509 558 5562 32
575 5511 719 5579 corporales
730 5510 756 5561 P
822 5510 998 5577 conplectatur
1008 5508 1035 5559 P
1095 5508 1149 5575 pari
1167 5503 1285 5573 uterque]
1297 5506 1396 5572 scripsi,
1413 5505 1467 5572 pari
1484 5505 1570 5556 nterui
1586 5503 1616 5566 G,
1634 5519 1679 5571 par
1696 5510 1805 5569 uterque
1817 5498 1843 5551 P

203 5593 238 5648 33
254 5594 292 5664 in]
312 5615 332 5649 a.
346 5598 363 5648 l.
379 5598 418 5648 θ’
488 5599 676 5667 constringetur
692 5598 718 5649 P
784 5594 831 5664 eis]
853 5597 884 5660 θ,
901 5597 969 5648 enim
988 5594 1034 5661 (P)
1137 5590 1172 5646 34
1189 5611 1242 5645 una
1258 5619 1291 5630 -
1309 5588 1523 5657 remuneratione]
1541 5589 1628 5642 erat}
1695 5588 1843 5657 gloriosaP

202 5680 237 5735 35
254 5687 278 5738 ei
290 5682 454 5753 consensum]
466 5691 509 5737 enl
521 5684 662 5737 aensan
713 5680 857 5753 praeberet]
868 5682 1023 5752 aeporiits’a
1035 5682 1062 5735 θ
1114 5677 1229 5747 interior]
1242 5679 1328 5733 ποθ
1421 5674 1594 5747 anseluco
1653 5677 1782 5730 dominica
1794 5672 1839 5742 (P)
