4462 6216
307 373 370 442 324
918 370 1058 429 BURICII
1074 368 1334 428 EPISTULARUM

223 551 257 623 G
309 549 391 613 fucis
413 546 605 614 multimoda
626 556 698 615 arte
720 547 880 636 depingit,
903 550 949 612 ita
963 570 1022 613 vos
1044 548 1186 612 animam
1202 556 1354 625 vestram,
1377 568 1462 633 quae
1484 554 1536 612 est
1552 548 1709 634 templum
1723 546 1792 615 dei.
1813 548 1960 617 ditanda

306 654 460 717 virtutum
488 654 666 737 generibus
693 654 867 725 excolatis,
896 661 932 717 nt
954 673 1031 717 vere
1058 651 1099 716 de
1122 653 1262 738 spiritali
1284 651 1380 716 domo
1402 664 1511 716 vestra
1534 653 1724 738 spiritaliter
1743 652 1861 719 dicere
1883 676 1958 721 cum

305 757 465 843 propbeta
485 758 634 843 possitis:
657 756 827 838 domine,
849 756 976 822 dilexi
999 755 1179 822 decorem
1201 754 1337 820 domus
1362 766 1455 821 tuae
1478 766 1520 820 et
1540 757 1666 821 locum
1688 758 1957 824 habitationis

275 863 295 921 t
304 860 454 945 gloriae
482 869 588 927 tuse:
619 863 694 947 qnia
716 860 896 926 secundum
919 862 1022 947 ipsius
1043 860 1167 925 domini
1189 862 1290 924 nostri
1313 861 1509 924 sententiam
1538 882 1616 925 non
1643 862 1683 926 in
1712 864 1957 929 manufactis

303 965 467 1050 templis
489 965 646 1029 habitat
668 964 766 1030 deus
783 987 843 1030 nec
859 966 892 1029 in
908 965 1127 1031 tabernaculis
1142 964 1204 1028 siri
1220 964 1304 1030 bene
1318 965 1473 1051 placitum
1488 965 1530 1031 ei.
1554 964 1613 1029 sed
1628 965 1713 1031 bene
1725 967 1886 1053 placitum
1901 980 1954 1033 est
1989 984 2001 1021 ⁵

274 1068 335 1132 5ei
358 1089 457 1154 snper
478 1069 630 1134 timentes
659 1090 695 1134 se
725 1078 758 1135 et
788 1071 821 1133 in
849 1090 889 1134 eo
919 1071 973 1154 qui
1003 1076 1114 1154 sperat
1143 1070 1177 1133 iu
1205 1068 1470 1135 misericordiam.
1514 1069 1641 1155 etipse
1663 1071 1784 1136 iterum
1806 1093 1870 1136 nos
1891 1094 1952 1158 per

303 1172 496 1257 prophetam
519 1173 637 1238 docere
660 1172 826 1259 dignatur:
858 1175 1007 1238 caelum
1034 1172 1129 1236 milti
1156 1172 1319 1237 thronus
1346 1184 1424 1237 est.
1455 1186 1561 1237 terra
1583 1187 1709 1238 autem
1731 1175 1951 1241 scabellum

302 1273 440 1359 pedum
480 1297 667 1342 meorum:
709 1298 820 1362 quam
859 1277 957 1341 mihi
995 1276 1128 1341 sedem
1166 1276 1446 1341 aedificabitis
1484 1286 1553 1341 aut
1590 1278 1680 1363 quis
1714 1279 1799 1344 erit
1832 1280 1951 1345 loeus

304 1381 566 1463 requietionis
588 1387 719 1446 meae?
754 1403 883 1446 nonne
906 1380 1007 1446 haec
1031 1381 1155 1444 omnia
1178 1380 1283 1445 fecit
1304 1400 1443 1444 manus
1465 1387 1570 1445 mea?
1603 1398 1674 1446 ant
1695 1403 1815 1468 super
1838 1404 1951 1469 quem

300 1483 421 1546 alium
445 1485 657 1570 respiciam
680 1485 762 1549 nisi
785 1506 905 1571 super
927 1484 1114 1549 humilem
1141 1500 1180 1548 et
1208 1486 1380 1569 quietum
1407 1492 1445 1548 et
1472 1500 1709 1551 trementem
1738 1506 1950 1552 sermones
1975 1502 1998 1539 ¹⁰

302 1594 430 1651 meos?
469 1589 588 1675 etipse
604 1590 635 1653 in
657 1588 829 1674 evangelio
851 1588 1003 1653 dominns
1026 1587 1161 1652 elamat:
1186 1589 1323 1652 venite
1344 1587 1393 1651 sd
1415 1609 1488 1653 me.
1510 1590 1731 1675 omnesqui
1754 1589 1948 1655 laboratis

271 1691 342 1754 oet
367 1691 527 1755 onerati
558 1693 676 1759 estis.
708 1699 747 1757 et
776 1713 847 1777 ego
869 1692 1055 1757 reficiam
1078 1713 1163 1755 sos.
1195 1707 1229 1755 et
1251 1692 1377 1776 reliqua
1399 1712 1484 1777 quae
1506 1702 1695 1776 sequnntur.
1739 1692 1885 1769 otides,
1915 1692 1948 1757 iu

302 1792 433 1858 Christo
463 1794 594 1860 domiuo
622 1796 789 1861 carissima
820 1817 912 1860 soror
936 1816 976 1859 ac
1005 1795 1089 1875 filia,
1118 1795 1275 1880 pristinae
1304 1795 1561 1859 conversationis
1588 1793 1766 1859 ambitione
1786 1795 1948 1882 deposita,

301 1896 516 1964 bumilitatem
547 1899 649 1964 debes
685 1899 791 1964 cordis
827 1899 979 1966 induere.
1019 1899 1273 1963 misericordiam
1305 1899 1527 1984 indigentibus
1557 1898 1723 1977 fenerare,
1759 1900 1948 1965 castitatem

299 2023 363 2066 non
386 2003 492 2068 solum
512 2005 658 2090 corporis
674 2003 733 2068 sed
748 2005 878 2069 animae
893 2026 1079 2090 procurare.
1117 2004 1216 2090 quod.
1238 2004 1414 2068 adiuvante
1430 2004 1572 2068 domino.
1594 2015 1631 2068 nt
1645 2002 1819 2088 adquirere
1835 2004 1948 2069 valeas
1971 2018 1994 2056 ¹⁵

299 2107 422 2191 pariter
444 2122 478 2171 et
500 2108 674 2175 custodire.
701 2108 911 2173 ieiunandum
934 2120 987 2174 est
1010 2110 1143 2194 saepius
1166 2124 1201 2173 et
1222 2130 1355 2195 semper
1376 2106 1544 2173 orandum.
1574 2109 1650 2193 qnia
1671 2107 1778 2171 Adam
1801 2109 1947 2193 paradisi

300 2222 334 2273 et
355 2219 466 2274 custos
488 2210 704 2296 delegabatur
726 2220 760 2276 et
781 2214 925 2291 colonus,
947 2214 1071 2278 scilicet
1093 2221 1129 2276 ut
1151 2213 1286 2277 haberet
1308 2211 1466 2299 operandi
1482 2213 1651 2276 materiam
1665 2210 1801 2275 libertas
1816 2212 1944 2276 arbitrii

300 2320 335 2377 et
356 2314 441 2398 quod
463 2315 646 2380 orationum
669 2315 865 2380 obtinuisset
887 2316 1047 2382 industria
1068 2318 1238 2404 parcitatis
1261 2317 1459 2381 abstinentia
1480 2315 1669 2380 custodiret.
1706 2315 1766 2379 sed
1789 2317 1944 2401 quoniam

300 2419 448 2503 neglexit
479 2420 543 2484 sibi
571 2441 704 2485 serrare
730 2421 903 2487 ieiunium.
932 2443 993 2507 per
1020 2422 1316 2508 concupiscentiam
1347 2421 1480 2484 vetitam
1508 2420 1618 2484 amisit
1647 2426 1681 2483 et
1703 2420 1803 2482 sitam
1826 2427 1862 2483 et
1883 2420 1945 2483 im·

271 2523 540 2587 imortalitatem.
589 2524 651 2588 snb
683 2522 887 2589 Hierobabel
920 2545 1030 2589 muros
1063 2524 1275 2589 Hierusalem
1310 2523 1434 2587 reversi
1461 2543 1482 2585 a
1511 2522 1700 2609 captivitate
1735 2522 1947 2608 reparabant.
1970 2533 1995 2573 ³⁰

301 2646 375 2689 cum
408 2627 456 2690 eis
487 2634 576 2691 esset
608 2634 721 2691 contra
754 2629 956 2714 alienigenas
990 2650 1050 2715 pro
1083 2627 1261 2693 eorundem
1295 2647 1459 2690 murorum
1493 2627 1731 2690 restauratione
1768 2634 1946 2707 certamen,

299 2729 519 2814 operabantur
540 2730 658 2795 dextra
680 2739 713 2795 ct
735 2732 866 2796 sinistra
888 2734 1087 2819 pugnabant.
1111 2732 1237 2796 scilicet
1259 2748 1388 2795 scutum
1403 2730 1481 2794 lidei
1495 2730 1591 2795 laesa
1606 2744 1721 2795 contra
1736 2729 1946 2796 adversarios

299 2833 552 2918 praetendentes
586 2848 619 2899 et
652 2835 769 2900 dextra
803 2837 962 2902 bonorum
996 2857 1132 2923 operum
1165 2852 1329 2920 tamquam
1358 2833 1502 2920 lapidum
1533 2835 1787 2919 compositorum
1816 2836 1948 2900 moenia

269 2938 536 3004 §construentes
579 2938 638 3003 sed
659 2952 693 3003 et
713 2940 775 3025 ipsi
791 2940 850 3003 siri
874 2941 929 3025 qui
951 2940 1170 3005 aedificabant
1192 2959 1266 3003 cum
1290 2938 1458 3025 prophetis
1480 2940 1549 3003 suis
1572 2960 1672 3026 snper
1692 2937 1824 3001 lumbos
1846 2939 1948 3003 cincti

298 3041 527 3126 operabantur.
559 3042 646 3129 quod
674 3058 708 3107 et
737 3042 887 3107 dominus
921 3045 953 3107 iu
981 3043 1152 3128 evangelio
1182 3043 1358 3108 observare
1387 3065 1449 3107 uos
1479 3044 1661 3128 praecepit.
1695 3040 1823 3106 dicens:
1858 3042 1946 3107 sint
1970 3056 1994 3095 Ἀ

298 3145 419 3210 lumbi
452 3148 579 3210 nestri
618 3147 851 3232 praecincti
889 3161 931 3210 et
969 3146 1165 3211 lucernae
1202 3154 1360 3211 restrae
1396 3145 1594 3213 ardentes.
1648 3146 1861 3232 praecinctus
1894 3154 1947 3211 est
1978 3158 1984 3169 ·

297 3250 429 3317 lumbis.
458 3253 551 3315 cuius
575 3272 653 3316 caro
682 3251 825 3316 castitati
853 3251 974 3315 militat
1003 3260 1038 3316 et
1063 3271 1130 3315 non
1157 3250 1303 3315 libidini.
1334 3265 1368 3314 et
1395 3272 1490 3315 mens
1515 3251 1603 3314 illius
1629 3262 1793 3335 tamquam
1824 3248 1946 3314 ardeus

266 3354 428 3417 tllneerna
451 3355 644 3439 praefulget.
668 3377 765 3440 qnam
788 3356 974 3441 praeceptis
997 3356 1067 3419 suis
1083 3354 1233 3419 Christus
1251 3353 1413 3420 accendit.
1449 3355 1526 3438 qnia
1541 3354 1746 3418 haecomnia
1762 3353 1945 3418 seeundum

296 3458 482 3544 apostolum
505 3460 538 3522 in
561 3459 665 3544 ligura
688 3460 791 3524 nostri
813 3460 1004 3525 factasunt.
1027 3459 1112 3524 scire
1127 3481 1187 3523 nos
1203 3460 1366 3525 convenit.
1389 3457 1485 3543 qnod.
1508 3456 1661 3542 quamdin
1676 3456 1799 3521 saeculi
1815 3456 1945 3520 actibus

297 3561 416 3625 fuimns
449 3564 614 3648 occupati.
649 3580 814 3648 tamqnam
841 3561 1035 3649 Babyloniis
1068 3574 1102 3628 et
1130 3564 1201 3647 regi
1235 3584 1347 3627 esrum
1377 3562 1498 3647 captiti
1526 3583 1546 3625 ιι
1573 3559 1696 3625 Iudaea
1726 3558 1877 3644 perducti
1907 3561 1942 3623 in
1967 3570 1992 3610 ὓ

297 3665 439 3729 hostium
462 3667 614 3751 regiones
637 3668 840 3733 servivimus.
863 3667 950 3731 unde
973 3688 1032 3753 per
1054 3668 1291 3753 paenitentiam
1314 3667 1356 3732 ad
1379 3668 1528 3754 patriam.
1552 3664 1612 3728 hnc
1634 3677 1686 3727 est
1705 3661 1747 3726 ad
1763 3662 1942 3726 caelestem

295 3769 504 3834 llierusalem
537 3786 674 3835 matrem
707 3773 849 3836 omnium
877 3772 1037 3838 fidelium.
1071 3790 1289 3839 revertentes.
1325 3771 1484 3836 debemus
1514 3770 1601 3834 omni
1632 3768 1788 3831 virtutum
1818 3787 1943 3851 genere

296 3894 450 3959 reputare
472 3874 627 3962 collnpss.
650 3877 773 3941 sarcire
795 3876 944 3943 discissa.
967 3876 1078 3942 delere
1100 3878 1289 3964 praeterita.
1312 3896 1428 3940 carere
1444 3874 1640 3960 praesentia.
1662 3890 1778 3957 parare
1793 3878 1943 3951 ventura,

294 3994 330 4040 nt
356 4000 417 4064 per
445 3977 682 4063 benignitatem
710 3979 833 4045 domini
861 4002 882 4045 a
908 3980 1047 4067 pristina
1078 3998 1287 4066 peecatorum
1318 3982 1508 4066 captivitate
1541 3977 1703 4043 distracti.
1739 3996 1802 4038 non
1827 3973 1941 4060 Baby·

292 4083 454 4147 loniorum
486 4084 558 4169 regi
591 4084 649 4148 sed
682 4086 753 4171 regi
788 4083 953 4150 caelomnr
987 4084 1118 4149 Ghristn
1151 4085 1184 4148 in
1219 4084 1446 4149 Hierusalem.
1483 4102 1654 4169 quaequae
1687 4078 1940 4162 congregatione
1964 4089 1988 4128 ²⁵

246 4190 481 4251 tenetentum
511 4184 702 4253 aedificatur
731 4189 861 4255 civitas.
893 4189 1086 4256 serviamus.
1130 4203 1164 4253 et
1193 4187 1312 4251 ideirco
1343 4189 1460 4252 faeiem
1489 4200 1632 4249 nostram
1656 4181 1812 4247 debemus
1834 4181 1940 4266 magis

293 4291 434 4353 lserintis
465 4291 572 4375 rigere
602 4311 700 4375 quam
731 4290 886 4359 lasseris.
917 4302 953 4356 nt
982 4292 1092 4357 dicere
1121 4313 1195 4356 cum
1226 4291 1386 4377 propheta
1416 4290 1592 4376 possimus:
1625 4287 1725 4371 qnia
1756 4285 1939 4348 cinerem

291 4396 391 4458 sicut
413 4415 549 4481 panem
573 4394 860 4461 manducabant
884 4404 926 4461 et
949 4414 1085 4483 pntntn
1108 4418 1236 4462 meum
1267 4417 1351 4460 cnm
1379 4395 1489 4459 fletu
1516 4390 1737 4455 miscebam.
1780 4388 1940 4453 debemus

292 4519 410 4585 sirpus
432 4514 578 4563 nostmm
602 4498 776 4564 indefessis
798 4500 922 4585 sigiliis
943 4516 977 4565 et
1000 4501 1165 4565 continuis
1187 4499 1340 4565 enlctmsre
1369 4498 1513 4562 ieiuniis.
1542 4513 1579 4559 nt
1602 4514 1714 4557 renim
1743 4498 1939 4558 exercentes

290 4602 377 4667 inter
397 4603 538 4667 animant
561 4624 760 4689 carnemque
783 4602 950 4669 iudiciuin.
973 4624 1039 4667 nott
1061 4625 1138 4667 enm
1161 4602 1346 4667 dominetur
1367 4600 1504 4687 spiritui
1527 4598 1585 4663 sed
1608 4596 1736 4683 spiritui
1758 4616 1836 4660 caro
1852 4593 1939 4658 victa
1961 4606 1986 4644 ⁴⁰

244 4710 277 4769 n
291 4705 467 4773 deserviat.
518 4710 611 4772 cuius
641 4709 689 4773 rei
721 4708 909 4795 esentplnnt
938 4709 1034 4773 nobis
1065 4708 1229 4773 clettttinns.
1266 4706 1343 4771 dum
1369 4726 1428 4792 per
1453 4703 1606 4788 angelum
1635 4700 1677 4765 ad
1704 4701 1794 4784 Agar
1820 4698 1938 4762 Sarrae

290 4810 441 4875 ancillam
464 4812 619 4897 loquitur.
649 4810 754 4881 «ledit.
782 4832 867 4897 qnae
890 4812 1054 4877 dontinstn
1076 4832 1170 4876 sunni
1193 4810 1347 4876 deserere
1368 4809 1528 4873 msluernt
1549 4827 1647 4891 quam
1668 4803 1796 4873 audire.
1824 4801 1938 4865 dicens

393 5052 411 5103 :l
430 5052 472 5107 l's.
485 5051 612 5109 XXV&
699 5052 956 5111 stemnius.
1043 5052 1236 5107 sustine.
1324 5048 1537 5102 tisinum.
1556 5047 1581 5099 ’2.
1669 5046 1699 5097 ll
1720 5040 1937 5097 nstramus,

292 5140 411 5191 ltiticn.
430 5136 464 5193 ll.
484 5141 523 5191 lin
612 5140 647 5191 ’22
665 5138 789 5193 11.Ειιὶι.
808 5140 854 5197 ll'.
875 5140 914 5195 tt.
1002 5141 1037 5193 ’29
1057 5139 1120 5193 l.ne.
1141 5138 1261 5195 xlidie
1346 5136 1381 5189 29
1399 5135 1492 5189 l.t'er.
1512 5133 1587 5187 Ma
1674 5131 1708 5184 δῖ
1727 5129 1771 5183 Ps.
1788 5128 1832 5189 cl,
1850 5128 1891 5182 10.

392 5276 411 5327 (⁸
432 5278 543 5347 tctttplis]
562 5296 592 5329 cs·
612 5278 682 5345 ''r-{n
701 5282 824 5347 suppleti.
844 5300 893 5331 nun
909 5284 932 5330 tl
1001 5280 1063 5347 nicil
1078 5284 1100 5330 ti
1201 5280 1220 5329 ti
1237 5276 1331 5346 speras
1354 5276 1501 5325 stonum.
1524 5286 1627 5341 sperant
1647 5275 1670 5323 G
1738 5266 1802 5338 ipse]
1819 5287 1841 5320 a.
1859 5270 1877 5320 l.
1897 5267 1936 5318 0¹

291 5360 321 5415 li
344 5366 466 5430 dilig-ann
485 5368 535 5419 ιδ’.
558 5366 692 5433 delegunt·
714 5368 753 5415 ιι*
809 5368 938 5435 ιιιιιιιιιιιίιι
955 5384 1021 5419 noc.
1040 5370 1160 5435 ‹spes-andi
1181 5370 1203 5417 ιδ
1214 5370 1222 5399 ¹
1309 5364 1345 5415 ’.Ὅ
1360 5380 1377 5415 ιι
1395 5358 1554 5429 supti'ssfftsstf
1567 5358 1898 5425 ffltffldffll’fi'fllfllffl
1911 5350 1938 5405 G

288 5452 320 5503 :⁸1
345 5454 529 5504 mercatione
547 5454 570 5500 ti
679 5452 715 5505 92
731 5455 879 5507 ιιίιιιιιιιιιίιι
897 5456 1069 5521 pancadensis
1082 5458 1104 5505 ιδ
1216 5454 1252 5505 99
1271 5454 1377 5503 lensensi
1394 5450 1532 5517 qssact'nlgit
1551 5448 1575 5497 tl
1676 5442 1712 5495 29
1728 5442 1938 5511 apstolorum&

290 5540 386 5591 :astiti
471 5540 508 5591 :m
524 5540 670 5591 tatsttlsniis
685 5544 708 5589 tl
761 5543 835 5593 lttdnst
851 5544 873 5591 tl
927 5540 1053 5609 pctdnctll
1071 5540 1345 5607 .lt.wsnms.pssttn·ti
1360 5540 1383 5586 tl
1462 5533 1494 5585 3¹
1514 5535 1626 5600 ffe'lfflll*
1640 5536 1664 5581 ts'
1738 5529 1773 5581 {B
1789 5528 1938 5580 dim&

289 5628 444 5695 suessanae
463 5630 485 5679 n·
607 5624 640 5677 {ll
665 5627 869 5695 lulnlltntisnnn
884 5632 907 5677 tl
1019 5628 1054 5679 :tl
1071 5632 1232 5697 lncrnsslent
1248 5632 1270 5679 ιὲ
1332 5620 1474 5693 qus-quse*
1497 5620 1646 5669 floreum.
1662 5634 1779 5685 quaeque
1793 5618 1817 5666 u
1878 5632 1937 5667 oon·

286 5714 422 5785 gregati-nt
442 5718 466 5779 xi.
480 5736 500 5767 ι.
520 5716 730 5781 ικιιιιινςιιιὶιιιιιιι
745 5718 777 5771 n.
792 5716 985 5785 essentessent
1005 5720 1123 5769 tlsaisiss
