4462 6216
542 1344 639 1469 DE
680 1344 958 1471 FAUSTO
1001 1345 1342 1472 EPlSCOPO
1384 1346 1700 1474 RElENSl.

393 1704 543 1800 Faustus
567 1736 639 1794 ortu
656 1729 832 1794 Britannus
843 1730 867 1814 ι)
887 1729 1081 1796 Memorium
1105 1733 1333 1818 presbyterum
1355 1733 1489 1797 fratrem
1513 1753 1607 1796 suurn
1630 1731 1714 1796 dixit
1729 1729 1774 1817 (p.
1790 1733 1863 1811 270,
1881 1728 1945 1812 18),

289 1839 359 1902 sine
376 1836 475 1901 dubio
492 1835 684 1920 spiritalem,
707 1854 772 1896 non
795 1835 968 1915 carnalem,
991 1841 1028 1898 ut
1046 1836 1116 1898 vult
1130 1835 1316 1913 Tillcmont,
1340 1835 1510 1900 lllr'rneires
1524 1855 1611 1916 pour
1631 1835 1732 1898 semir
1752 1835 1773 1897 ir
1795 1833 1947 1897 i'lustoire

287 1939 517 2019 ecclisiastique
543 1937 637 2017 XVI,
657 1959 689 2023 p.
703 1939 776 2002 408.
831 1936 966 2002 Litteris
1000 1938 1163 2021 incubuit,
1197 1941 1374 2026 praecipue
1409 1939 1636 2026 philosophiae
1672 1937 1757 2023 (sid.
1776 1958 1827 2023 ep.
1845 1936 1946 2019 Ix,s,

287 2066 319 2130 p.
342 2045 417 2125 158,
444 2043 513 2126 15),
547 2061 645 2126 quarn
680 2041 779 2105 etiarn
813 2041 901 2105 sitae
937 2040 1148 2106 monachicae
1180 2043 1329 2107 addictus
1365 2045 1517 2109 comitem
1553 2043 1695 2107 retinuit.
1751 2040 1945 2106 Monasterii

287 2147 493 2226 Lerinensis,
518 2144 604 2231 quod
627 2149 704 2208 tune
728 2165 824 2228 quarn
848 2144 989 2208 maxime
1012 2145 1136 2224 floruit,
1164 2146 1251 2211 inter
1272 2146 1448 2210 monachos
1471 2153 1639 2231 receptus,
1663 2144 1808 2210 Maximo
1832 2144 1946 2208 abbati

287 2252 406 2336 insigni
430 2249 550 2329 adfuit,
574 2268 646 2311 oum
669 2248 697 2310 is
721 2268 740 2311 a
762 2246 1044 2312 Foroiuliensibus
1073 2249 1246 2335 episcopus
1269 2250 1452 2335 postulatus
1476 2249 1507 2312 iu
1533 2249 1632 2312 silvas
1656 2247 1792 2332 aufugit.
1844 2245 1946 2312 Cuius

286 2356 334 2420 rei
369 2356 439 2441 ipse
473 2352 621 2417 meminit
652 2351 686 2413 in
719 2350 854 2414 homilia
881 2371 978 2434 quam
1014 2352 1143 2437 scripsit
1176 2351 1217 2416 de
1251 2360 1364 2416 saneto
1396 2351 1539 2416 Maximo
1570 2352 1724 2437 episcopo
1759 2357 1793 2416 et
1824 2349 1946 2415 abbate

288 2458 442 2543 (Eusebii
465 2455 612 2520 Emiseni
634 2453 806 2533 homeliae,
830 2453 881 2519 ed.
904 2454 1095 2539 Gaigneius,
1116 2455 1220 2519 Paris.
1242 2459 1332 2530 1547,
1355 2454 1409 2519 fol.
1426 2454 1496 2539 92):
1520 2454 1695 2532 Anibiebat,
1718 2454 1832 2539 iuquit,
1855 2452 1947 2517 iilum

279 2560 434 2642 proriam
460 2558 581 2623 heremo
608 2557 736 2633 cirritos,
763 2577 844 2637 quoe
869 2558 954 2622 inter
981 2557 1083 2622 lecum
1104 2557 1189 2621 hicne
1210 2562 1240 2621 et
1262 2557 1418 2635 tructione,
1444 2563 1482 2622 ut
1510 2559 1626 2639 nostis,
1651 2558 1826 2622 interiacet.
1874 2558 1947 2638 Quo

284 2664 337 2729 iile
366 2663 545 2747 suspicione
568 2681 740 2745 panaenus
768 2661 888 2725 tristem
909 2667 1012 2742 perot
1038 2683 1193 2743 opressum
1219 2682 1258 2725 ec
1288 2661 1492 2743 loriyinquum
1513 2661 1687 2726 meditetur
1712 2659 1860 2738 esitium
1892 2660 1948 2724 sed

284 2768 447 2849 repentino
476 2770 649 2849 scarpam
680 2763 819 2828 odonna
846 2764 1061 2829 insistentium
1090 2766 1288 2830 sacerdotum
1310 2766 1408 2847 petit,
1444 2766 1529 2847 quod
1555 2765 1647 2829 licuit
1672 2765 1717 2829 ari
1742 2768 1943 2841 emanatura,

285 2871 390 2934 emico
412 2869 533 2933 sitriae
554 2868 675 2949 nepotis
697 2888 755 2932 suo
777 2867 934 2930 conetense
955 2867 1118 2931 silvorum.
1143 2917 1237 2931 .....
1278 2868 1343 2933 Sub
1366 2869 1452 2934 aaa
1474 2890 1535 2933 ene
1556 2868 1636 2933 caeli
1652 2869 1752 2932 trium
1766 2867 1892 2931 diarum
1906 2887 1946 2932 uc

285 2975 384 3038 trium
411 2973 552 3038 noctium
585 2970 737 3035 imbribus
768 2971 963 3049 verberetur,
997 2971 1081 3035 sient
1110 2978 1139 3034 et
1167 2973 1234 3052 ipse
1265 2973 1353 3036 testis
1379 2994 1460 3037 suni.
1519 2974 1641 3037 Postea
1679 2992 1752 3035 eum
1789 2971 1946 3037 Reiensis

285 3078 447 3143 ecclesiae
479 3083 612 3162 pastore
642 3073 776 3139 orbatae
811 3073 974 3138 Maximus
1010 3075 1233 3160 episcopatum
1267 3083 1398 3140 coactus
1432 3083 1522 3142 esset
1554 3077 1737 3163 suscipere,
1771 3074 1844 3140 eius
1873 3076 1946 3138 loeo

285 3181 484 3246 Lerinenscs
507 3180 665 3244 Faustum
689 3177 841 3243 abbatem
866 3185 1067 3242 creaverunt.
1113 3178 1151 3241 ld
1175 3200 1203 3242 a.
1222 3182 1284 3243 433
1308 3180 1485 3265 contigisse
1509 3181 1583 3245 iude
1611 3179 1828 3264 intellegitur,
1857 3178 1944 3264 quod

286 3285 450 3350 Maximus
481 3289 558 3370 post
587 3282 793 3347 Honoratum
819 3281 1004 3346 Theodosio
1028 3283 1153 3347 iuniore
1176 3282 1244 3346 XII
1267 3290 1300 3347 et
1315 3283 1548 3348 Valentiniano
1573 3305 1650 3362 cos,
1674 3283 1694 3347 i.
1712 3304 1740 3348 e.
1756 3303 1786 3346 a.
1804 3285 1877 3363 426,
1903 3304 1948 3348 ex

287 3388 407 3454 abbate
436 3386 610 3452 Lerinensi
641 3387 830 3472 episcopum
858 3385 1089 3451 Arelatensem
1117 3385 1275 3471 faetum²)
1305 3408 1364 3473 per
1389 3390 1533 3451 tannes
1563 3387 1761 3451 monasterio
1790 3386 1943 3471 praefuit.

285 3491 430 3557 Faustus
452 3491 554 3554 enirn:
573 3488 689 3569 plenis,
712 3489 817 3574 inquit
840 3488 1007 3573 (homiliae
1031 3490 1051 3554 Ι.
1069 3510 1096 3554 c.
1121 3489 1177 3554 lol.
1194 3489 1272 3575 90‘),
1294 3494 1408 3569 septem
1428 3490 1525 3553 aunis
1546 3489 1660 3553 ibidem
1684 3487 1808 3553 Christi
1826 3508 1947 3570 prepete

280 3596 383 3677 praeit.
427 3595 569 3659 Faustus
593 3598 725 3678 praeter
746 3591 874 3656 abbatis
896 3592 1038 3657 officium
1060 3593 1157 3657 etiam
1178 3593 1376 3678 presbyterii
1392 3592 1529 3678 gradum
1546 3598 1742 3657 consecutus
1759 3592 1800 3656 ab
1817 3590 1945 3655 Hilario

287 3698 322 3785 (†
347 3699 424 3778 449)
449 3697 604 3784 episeopo
622 3695 808 3760 Arelatensi
824 3695 986 3764 Honorati
1009 3721 1200 3765 successore
1224 3701 1271 3764 ita
1293 3699 1528 3778 honorabatur,
1551 3702 1588 3761 ut
1610 3697 1693 3760 inter
1713 3716 1746 3759 se
1768 3699 1798 3758 et
1819 3698 1947 3758 serietas

286 3801 462 3866 semrilotes
478 3799 680 3863 Tireodorum
701 3804 731 3863 et
749 3799 934 3867 Moeirnum
953 3803 1137 3884 eonurnterit
1155 3804 1292 3868 residere
1312 3804 1366 3883 (V.
1382 3801 1503 3865 Hilarii
1528 3822 1556 3864 c.
1572 3804 1602 3880 s,
1626 3798 1796 3878 Ballcrini,
1820 3797 1943 3863 Leonis

287 3905 331 3972 hl.
348 3904 460 3990 Opera
476 3903 525 3985 ΙΙ,
548 3924 579 3989 p.
597 3904 685 3988 326).
730 3902 811 3968 Erat
833 3913 942 3970 autern
958 3913 1036 3971 tune
1052 3907 1207 3993 temporis
1230 3907 1464 3971 monasterium
1480 3906 1662 3970 Lerinense
1686 3903 1852 3968 subditum
1874 3904 1944 3990 epi-

287 4031 387 4095 seopo
402 4007 618 4072 Foroiuliensi
628 4005 656 4093 ³)
673 4006 855 4090 Theodoro,
872 4010 926 4095 qui
943 4010 1073 4075 abbatis
1090 4012 1187 4075 etiam
1203 4012 1275 4075 iura
1291 4011 1352 4075 sibi
1366 4009 1564 4074 vindicabat.
1601 4007 1698 4072 Unde
1718 4028 1791 4071 cum
1808 4006 1944 4071 Arelate

287 4114 320 4178 in
344 4111 520 4178 secretario
544 4111 715 4191 ccclesiae,
739 4112 911 4178 Ravennio
932 4114 1028 4179 huius
1045 4114 1134 4179 urbis
1157 4115 1310 4200 episeopo
1325 4113 1543 4200 praesidente,
1560 4112 1704 4197 synodus
1721 4111 1946 4176 celebraretur

288 4216 404 4303 (Cone.
422 4213 509 4279 Gall.
534 4214 606 4278 coll.
631 4214 657 4294 I,
680 4235 711 4299 p.
729 4218 792 4280 579
805 4238 890 4303 sqq.;
914 4220 955 4284 el.
977 4218 1109 4297 Helcle,
1137 4216 1466 4300 Omuitienpesciricbtc
1488 4216 1533 4298 ll,
1557 4238 1588 4302 p.
1604 4215 1693 4298 563),
1718 4216 1886 4297 convenit,
1909 4220 1948 4278 ut

286 4318 460 4385 Theodoro
488 4317 549 4381 hoe
573 4323 700 4381 tantum
724 4327 941 4405 competeret,
970 4321 1055 4407 quod
1083 4321 1250 4387 decessori
1280 4323 1352 4387 eius
1373 4321 1513 4386 Leontio
1542 4320 1756 4405 competisset
1779 4316 1823 4403 (o.
1839 4321 1885 4401 2),
1907 4321 1946 4382 ut

287 4421 393 4487 clerici
414 4420 460 4484 rut
481 4419 711 4484 ordinationem
732 4423 870 4507 episcopi
890 4424 995 4488 dehita
1016 4425 1206 4489 subiectione
1226 4425 1412 4505 respicient,
1438 4422 1521 4487 laico
1543 4442 1614 4485 aero
1637 4421 1738 4486 enanis
1759 4420 1947 4485 nronasterii

287 4524 483 4609 meruJetio
513 4523 558 4586 aa
585 4523 685 4588 sotem
716 4545 756 4588 ac
782 4525 913 4591 liberem
940 4528 1063 4592 obbatis
1080 4527 1208 4611 proprii
1304 4527 1534 4592 ordirmtionem
1556 4525 1851 4606 dispnsitionemque
1866 4544 1944 4604 per-

287 4631 387 4695 tinent
403 4628 447 4713 (c.
461 4628 505 4713 6),
528 4627 689 4692 Faustum
707 4629 892 4716 episeopus,
915 4630 1052 4709 iutuitu,
1074 4631 1183 4712 norm
1204 4629 1262 4694 itia
1284 4635 1370 4708 esset,
1393 4629 1504 4711 cedmae
1523 4629 1624 4706 aenio,
1649 4628 1685 4691 in
1701 4627 1846 4708 pristine
1861 4646 1945 4706 paee

287 4739 350 4799 toto
372 4732 520 4797 ueritatis
542 4732 660 4811 affectu
681 4733 830 4813 rcerssperet
852 4740 881 4798 ct
903 4735 948 4799 aii
968 4734 1108 4799 iustitiam
1129 4755 1168 4798 aa
1184 4735 1449 4815 conprcpationem
1470 4733 1535 4813 ipsi
1651 4731 1848 4795 commissum
1870 4750 1943 4793 cum

285 4859 347 4901 sun
367 4837 476 4920 pratia
497 4840 527 4902 et
548 4836 682 4899 caritate
704 4837 872 4902 remitteret
895 4843 938 4921 (c.
957 4839 1000 4923 1).
1044 4839 1075 4902 A
1097 4839 1244 4925 partibus
1267 4838 1395 4903 abbatis
1416 4836 1631 4902 Valerianum
1655 4832 1943 4898 Cemeneliensem

288 4942 478 5029 cpimopum
512 4946 546 5005 et
575 4938 756 5002 Maximum
785 4940 961 5006 Reiensem
990 4943 1122 5008 stetisse
1146 4943 1207 5006 riri
1235 4940 1322 5007 docti
1349 4941 1507 5025 colligunt
1534 4962 1578 5005 ex
1606 4938 1757 5024 ‘epistula
1783 4936 1942 5021 generali,

287 5068 370 5133 quim
394 5044 436 5109 ad
459 5043 633 5130 episcopos
657 5042 841 5110 invitandos
865 5046 899 5109 in
923 5068 1022 5110 causa
1044 5046 1170 5111 insulae
1192 5044 1375 5110 Lirinensis
1398 5045 1497 5109 missa
1519 5040 1590 5122 est',
1614 5043 1671 5106 ubi
1694 5062 1794 5106 eausa
1816 5040 1863 5104 ita
1886 5039 1944 5105 de·

394 5324 414 5389 ι)
433 5319 541 5375 Sidonii
560 5335 603 5389 ep.
616 5319 663 5385 ΙΙΙ,
681 5319 697 5373 9
716 5320 754 5389 (p.
767 5319 826 5383 157,
840 5320 881 5387 7);
899 5318 978 5374 Aviti
997 5335 1040 5389 cp.
1058 5318 1094 5373 ad
1114 5318 1327 5383 Gundobadum,
1346 5316 1389 5372 ed.
1408 5315 1507 5386 Peiper
1525 5335 1552 5387 p.
1564 5317 1606 5380 30,
1618 5317 1640 5370 1.

393 5410 415 5475 2)
434 5408 475 5462 Cf.
494 5407 619 5477 Prosper,
638 5406 738 5462 Chion.
758 5407 784 5461 h.
803 5423 840 5461 a:
861 5406 1003 5460 Patroclus
1014 5405 1182 5460 Arelatensis
1197 5405 1332 5475 episcopus
1349 5423 1367 5457 a
1384 5403 1492 5458 tnbrtao
1509 5405 1626 5472 ermetem
1643 5404 1757 5459 barbaro
1775 5402 1867 5456 miultis
1883 5403 1940 5457 aa·

287 5492 394 5549 minu
410 5493 532 5549 meriatur
549 5493 686 5551 occiditur.
721 5493 755 5549 ai
774 5493 934 5550 tlonoratus
954 5492 1094 5550 successit.

394 5584 414 5651 1)
434 5582 475 5639 t'i.
494 5582 638 5654 Lougeon,
659 5583 821 5655 Gteqraplrie
837 5583 869 5640 de
884 5584 911 5638 tn
931 5583 1018 5638 Gnate
1036 5600 1062 5654 p.
1074 5581 1135 5637 455.
