4462 6216
864 326 1200 383 trilucem-saec.

616 496 662 560 Vt
684 497 823 584 primum
847 497 968 583 ingesti
990 497 1118 585 pondus
1142 501 1290 586 suscepit
1313 501 1457 575 honoris,

570 601 662 686 legas
684 601 739 686 qui
762 602 893 666 veniam
917 609 1066 689 poscant,
1089 602 1286 685 Alamanne,
1310 604 1421 686 furori,

500 716 539 754 ³⁹⁰
572 702 712 769 Saxonis
735 706 884 770 incursus
909 713 1028 785 cessat,
1056 705 1275 792 Chattumque
1298 709 1437 795 palustri

571 806 685 892 alligat
708 808 803 873 Albis
827 830 929 894 aqua;
952 810 1073 894 vixque
1097 809 1160 874 hoc
1182 816 1234 873 ter
1255 817 1423 875 menstrua
1445 817 1548 875 totum

571 910 649 975 luna
671 911 771 994 videt,
796 913 925 997 iamque
948 912 989 977 ad
1011 912 1151 999 populos
1175 934 1212 976 ac
1234 935 1310 979 rure
1334 914 1435 979 feroci

570 1020 662 1079 tenta
685 1015 792 1080 Getae
815 1014 980 1101 pertendit
1002 1016 1074 1097 iter,
1098 1037 1163 1101 qua
1184 1017 1300 1102 pulsus
1323 1017 1365 1081 ab
1389 1024 1481 1082 aestu

571 1117 724 1182 Oceanus
748 1119 886 1184 refluum
910 1119 1035 1204 spargit
1058 1139 1117 1205 per
1141 1120 1228 1183 culta
1251 1119 1465 1196 Garumnam

529 1236 540 1271 ·'›
574 1222 605 1284 in
628 1222 749 1286 flumen
773 1228 926 1287 currente
949 1223 1032 1286 mari
1055 1222 1256 1286 transcendit
1279 1245 1410 1288 amems

571 1325 692 1389 blanda
714 1326 838 1390 fluenta
860 1326 960 1406 latex,
983 1325 1137 1410 fluviique
1163 1327 1304 1413 impacta
1328 1349 1388 1413 per
1409 1329 1538 1392 alveum

569 1429 656 1493 salso
679 1431 888 1515 peregrinum
912 1429 973 1494 sibi
998 1429 1131 1514 navigat
1154 1429 1241 1493 unda
1264 1430 1468 1516 profundum.
1543 1460 1546 1465 ⁴

569 1533 622 1597 hie
647 1535 711 1597 iam
736 1534 895 1620 disposito
919 1535 1068 1598 laxantes
1092 1534 1185 1598 frena
1207 1533 1316 1598 duello

570 1636 732 1700 Vesorum
756 1656 910 1722 proceres
934 1637 1050 1722 raptim
1074 1636 1244 1722 suspendit
1267 1636 1307 1701 ab
1331 1637 1379 1702 ira

572 1761 690 1821 rumor,
714 1741 880 1804 succincto
904 1739 1051 1804 referens
1075 1739 1256 1825 diplomate
1279 1740 1412 1804 Avitum

569 1844 633 1907 iam
657 1831 792 1907 Geticas
816 1843 939 1906 intrare
963 1840 1078 1906 domos
1102 1844 1274 1930 positaque
1297 1865 1471 1930 parumper

569 1947 656 2010 mole
680 1947 858 2031 magisterii
881 1947 983 2031 legati
1006 1947 1078 2010 iura
1101 1946 1240 2012 subisse.

569 2051 770 2137 obstupuere
792 2049 894 2115 duces
917 2051 1042 2135 pariter
1065 2049 1305 2136 Scythicusque
1329 2058 1462 2116 senatus

570 2162 602 2218 et
626 2156 776 2236 timuere,
800 2174 892 2219 suam
914 2175 1031 2240 pacem
1055 2176 1097 2219 ne
1120 2155 1202 2219 forte
1225 2163 1372 2240 negaret.

527 2300 531 2308 =
571 2260 617 2322 sio
641 2257 756 2321 rutilus
780 2256 988 2322 Phaethonta
1010 2257 1116 2322 levem
1141 2278 1213 2321 cum
1238 2265 1387 2344 carperet
1409 2259 1481 2322 axis

570 2363 634 2425 iarn
657 2363 802 2449 pallente
824 2359 878 2426 die
901 2361 1117 2446 flagrantique
1142 2363 1252 2426 excita
1275 2362 1395 2426 mundo

569 2487 634 2552 pax
657 2467 895 2530 clementorum
919 2464 1044 2527 fureret
1066 2465 1118 2528 vel
1144 2464 1232 2528 sicca
1255 2467 1456 2551 propinquus

568 2570 712 2635 saeviret
734 2591 794 2655 per
816 2575 933 2652 stagna
957 2588 1059 2653 vapor
1082 2568 1243 2652 limusque
1267 2570 1374 2633 sitiret

568 2674 724 2759 pulvereo
747 2671 838 2759 ponti
861 2670 973 2751 fundo,
997 2679 1073 2735 tunc
1097 2672 1192 2735 unica
1214 2671 1339 2735 Phoebi

570 2779 734 2841 insuetum
758 2777 902 2840 clemens
927 2775 1069 2838 extinxit
1092 2774 1223 2838 flamma
1246 2776 1396 2840 calorem.

615 2879 679 2943 Hie
702 2880 821 2964 aliquis
844 2887 912 2943 tum
936 2879 1021 2943 forte
1045 2877 1157 2958 Getes,
1181 2878 1257 2943 dum
1281 2880 1365 2944 falce
1388 2887 1519 2944 recocta

570 2983 690 3047 ictibus
714 2983 867 3047 inionnat
890 3002 1035 3067 saxoque
1058 2983 1241 3047 cacuminat
1264 3004 1388 3065 ensem,

570 3088 634 3151 iam
658 3093 827 3173 promptus
852 3087 992 3151 caluisse
1016 3085 1115 3166 tubis,
1137 3087 1203 3149 iam
1226 3086 1356 3170 iamque
1379 3087 1542 3172 frequenti

571 3191 673 3255 coede
697 3191 885 3277 sepulturus
908 3198 1029 3254 terram
1052 3210 1115 3253 non
1138 3190 1232 3254 hoste
1256 3190 1393 3274 sepulto,

479 3325 482 3329 <
527 3310 538 3345 τ»
571 3296 686 3360 elamit
709 3302 746 3359 ut
768 3295 907 3381 primum
930 3314 1048 3358 nomen
1071 3293 1233 3358 venientis
1248 3293 1358 3370 Aviti,

569 3399 748 3464 exclamat:
784 3398 903 3483 “periit
926 3398 1060 3477 bellum,
1084 3397 1160 3462 date
1184 3417 1294 3462 rursus
1318 3403 1434 3461 aratra.

570 3504 686 3566 otiosi
712 3502 834 3589 replico
858 3502 985 3589 priscae
1009 3500 1095 3565 bene
1118 3508 1197 3565 nota
1219 3500 1348 3585 quietis,

569 3627 633 3670 non
657 3607 761 3670 semel
785 3606 846 3669 iste
870 3604 949 3668 mihi
972 3604 1093 3669 ferrum
1116 3605 1200 3668 tulit.
1246 3624 1264 3667 o
1287 3603 1405 3690 pudor!
1429 3623 1448 3665 o
1472 3599 1519 3664 di!

570 3717 696 3774 tanturn
720 3731 817 3795 posse
839 3707 953 3773 fidem!
978 3707 1055 3793 quid
1078 3708 1213 3772 foedere
1234 3706 1324 3772 lenta
1346 3706 1489 3785 minaris,

572 3815 604 3877 in
627 3814 781 3878 damnum
805 3812 886 3876 mibi
909 3811 972 3876 fide
996 3817 1126 3876 meum?
1151 3810 1345 3897 compendia
1368 3809 1460 3896 pacis

567 3925 602 3981 et
625 3923 793 4003 praestare
817 3915 912 3980 iubes
936 3937 996 3980 nos
1020 3922 1054 3980 et
1076 3915 1212 3980 debere:
1237 3915 1308 4000 quis
1330 3934 1482 3999 umquam

568 4021 738 4086 crederet?
763 4042 804 4085 en
829 4018 937 4084 Getici
960 4040 1066 4105 reges,
1090 4041 1206 4106 parere
1230 4020 1390 4090 volentes,

569 4125 705 4189 inferius
728 4143 885 4209 regnasse
907 4129 1033 4209 putant.
1079 4144 1139 4188 nec
1163 4122 1273 4187 dicere
1298 4122 1406 4188 saltim

568 4228 714 4293 desidiae
738 4229 876 4293 obtentu
898 4248 1031 4315 possum
1055 4234 1087 4293 te
1112 4228 1238 4314 proelia
1260 4227 1364 4291 nolle:

512 4349 536 4384 ‘⁵
570 4355 685 4421 pacem
709 4333 802 4397 fortis
825 4353 926 4396 amos.
972 4332 1036 4396 iam
1058 4338 1170 4419 partes
1194 4331 1311 4396 sternit
1333 4330 1466 4397 Avitus:

572 4440 707 4523 insuper
730 4443 763 4500 et
787 4435 921 4501 Geticas
944 4438 1147 4522 praemissus
1172 4435 1318 4500 continet
1341 4436 1406 4499 iras

568 4541 769 4614 Messianus;
793 4538 899 4604 adhuc
922 4538 1097 4618 mandasti,
1121 4546 1153 4603 et
1176 4539 1327 4625 ponimus
1350 4561 1449 4605 arma.

572 4642 648 4729 quid
671 4649 784 4721 restat,
808 4642 895 4728 quod
918 4663 1014 4727 posse
1030 4643 1132 4706 velis?
1156 4641 1241 4727 quod
1263 4662 1326 4705 non
1344 4662 1455 4706 sumus
1471 4642 1595 4721 hostes,

569 4768 670 4834 parva
692 4768 782 4820 reor3
806 4748 913 4833 prisco
939 4754 973 4811 tu
997 4746 1023 4808 si
1046 4746 1125 4810 mihi
1148 4753 1244 4810 notus
1268 4746 1300 4809 in
1324 4753 1398 4810 actu
1422 4766 1468 4832 es,

499 4868 537 4905 ⁴³⁰
570 4851 739 4917 auxiliaris
763 4872 829 4914 ero.
876 4852 928 4915 vei
953 4851 1000 4916 sio
1023 4871 1170 4937 pugnare
1195 4847 1339 4914 licebit.'’

244 4994 412 5001 ——·-——-
415 4992 619 5000 --—.-—--—-

306 5111 357 5165 389
380 5116 457 5165 sonia
475 5114 508 5164 M
619 5109 670 5163 390
693 5121 794 5164 cessant
811 5111 840 5163 F
915 5113 1081 5179 catthumque
1101 5111 1129 5174 0,
1155 5113 1310 5177 charumque
1333 5111 1357 5161 Τ
1470 5111 1520 5166 391
1546 5134 1594 5169 om.
1614 5116 1643 5168 F
1717 5136 1798 5187 squas
1817 5117 1853 5172 θ’

205 5198 248 5247 vix
269 5198 431 5250 rt'uamoouz
501 5212 526 5250 tc
545 5199 579 5248 M
682 5196 733 5248 393
751 5207 821 5249 tants
839 5198 871 5248 M
973 5195 1024 5250 394
1047 5215 1188 5264 garonnam
1206 5198 1281 5249 codd.
1384 5196 1435 5250 399
1457 5218 1587 5254 versorum
1609 5204 1631 5255 0
1696 5207 1807 5272 proceris
1825 5206 1859 5255 Μ

204 5282 253 5334 tol
274 5285 364 5336 domus
383 5287 541 5352 positamque
559 5285 591 5334 M
693 5282 745 5336 403
762 5293 904 5351 optnpuere
923 5284 951 5335 F
1050 5282 1103 5335 404
1121 5293 1244 5352 negarent
1262 5285 1292 5335 M
1400 5285 1452 5338 495
1470 5289 1566 5340 setonta
1584 5291 1666 5341 ierom
1684 5290 1722 5354 M,
1743 5293 1854 5358 phoeton

204 5370 307 5422 oleuurn
328 5372 354 5434 (¹,
379 5372 473 5437 pbetou
492 5373 579 5423 terrum
604 5371 631 5434 Τ,
655 5373 724 5422 seton
749 5371 834 5421 lesum
852 5370 880 5420 F
963 5367 1090 5437 carperet]
1114 5379 1186 5438 peret
1203 5370 1235 5420 M
1319 5373 1393 5423 anxis
1411 5373 1440 5423 F
1560 5371 1612 5426 407
1634 5376 1784 5444 propinquis
1800 5373 1860 5426 ΜΤ

206 5455 257 5507 419
275 5461 392 5523 ferroque
416 5457 440 5506 Τ
525 5456 577 5508 413
600 5459 715 5508 frementi
735 5457 783 5508 Μ9
874 5456 925 5508 416
946 5458 1027 5526 periet
1046 5459 1079 5508 M
1128 5460 1244 5511 libellum
1263 5458 1291 5509 F
1377 5459 1429 5511 418
1450 5461 1485 5511 dii
1502 5459 1584 5512 MFC
1671 5459 1724 5513 499
1745 5463 1812 5530 regie
1830 5478 1854 5530 p.

205 5544 314 5594 volentis
327 5543 359 5593 M
443 5541 493 5593 494
513 5540 823 5606 o111unlu,n11lras.·rtb
914 5541 967 5594 491)
985 5545 1111 5612 partisM
1202 5543 1254 5596 496
1272 5543 1393 5612 continet]
1412 5555 1535 5614 temperat
1551 5545 1576 5596 Τ
1663 5545 1715 5599 498
1732 5548 1803 5600 velas
1819 5547 1853 5599 ΤΙ

204 5626 255 5679 499
273 5627 311 5696 tn]
331 5630 398 5695 qnod
421 5628 445 5677 Τ
