4462 6216
283 329 345 392 330
991 299 1244 375 0000000000

411 493 594 562 SIDONII
615 492 962 560 EPISTULARUM

388 617 449 654 cunr
478 596 654 666 crystallinas
686 599 792 650 crustas
822 598 873 649 aut
905 594 1083 663 onychitinas
1170 610 1285 663 rmgues.
1321 590 1619 647 Ha.s‹e.15.3·2:ad
1640 606 1770 660 unguem.
1799 607 1826 643 0.
1836 606 1866 657 p.
1880 591 1946 643 294.

387 702 442 739 000
452 684 576 753 impacto
584 682 691 752 digitus
700 698 794 751 ungue
804 681 967 751 perlabitur,
977 680 1084 749 quippe
1176 681 1247 749 Vsrp.
1262 696 1348 748 peorp.
1368 680 1394 733 ll
1404 680 1463 733 ⁶277.

387 771 409 825 si
442 769 514 823 nihil
548 785 610 822 eum
641 768 750 822 rimosis
782 766 909 822 obicibus
936 768 1081 836 exceptum
1136 765 1417 833 Scacc.ep.114,lb:
1438 763 1538 817 nolunt
1559 763 1620 816 sina
1643 763 1752 817 sale-bra
1775 778 1836 815 esse
1860 760 1946 815 iunc-

387 859 471 909 tcuax
490 855 614 908 fractura
631 856 792 908 remoretur.
1170 858 1270 907 turam.

285 941 321 996 lx
333 943 395 1007 l,4:
413 941 497 996 venia
513 941 552 993 sit
569 940 653 994 dicto.
1137 940 1211 993 Plin.
1224 938 1338 1001 vasa:
1358 936 1441 989 venia
1458 935 1496 988 sit
1513 934 1598 988 44040.

284 1028 322 1082 IX
333 1029 375 1091 7,4
386 1044 442 1095 aa:
461 1027 533 1081 bene
555 1027 660 1095 scripta
680 1024 827 1079 laudamus
939 1024 1034 1078 desine
1054 1024 1082 1077 in
1137 1026 1234 1096 Syram.
1254 1025 1355 1087 1142:
1375 1022 1428 1075 tibi
1453 1021 1570 1075 videbar
1588 1060 1594 1073 .
1610 1063 1617 1076 .
1634 1061 1663 1074 ..
1688 1022 1763 1074 certe
1788 1019 1945 1088 malignus,

388 1118 530 1184 postemm
543 1115 638 1166 nostra
649 1111 789 1165 declinare
801 1110 914 1173 iudicia,
927 1128 999 1179 quae
1012 1111 1081 1163 nihil
1169 1113 1217 1182 qai
1237 1111 1352 1165 laudare
1369 1108 1512 1163 nescirem.

386 1199 502 1253 mordax
526 1198 598 1252 nihil
623 1214 735 1266 quoque
760 1197 903 1250 mimmtur
927 1196 1083 1265 increpato-

388 1303 469 1338 rrum.

287 1371 321 1424 lll
335 1372 397 1435 aa:
416 1372 438 1425 si
458 1368 600 1424 distuleris
618 1371 742 1423 nostram
760 1369 938 1422 sterilitatem
956 1368 1084 1423 facundis
1137 1370 1235 1439 Supera.
1255 1369 1333 1432 444,4
1349 1387 1355 1420 :
1374 1385 1425 1421 000
1447 1368 1562 1431 mirum,
1588 1367 1611 1421 si
1635 1365 1739 1435 eloquii
1758 1364 1848 1419 nostri
1868 1381 1945 1419 vena

387 1457 537 1511 fecundare
556 1454 711 1523 colloquiis.
1171 1458 1288 1509 tenuata
1306 1456 1355 1518 est,
1375 1471 1458 1522 quana
1477 1455 1581 1508 dudum
1597 1471 1688 1523 neque
1700 1452 1785 1507 ullius
1798 1451 1945 1520 poematis

422 1543 453 1607 04
474 1541 511 1596 lV
520 1540 587 1603 3,10.
606 1541 645 1594 VI
654 1542 705 1603 3,1.
1170 1542 1212 1594 tui
1225 1558 1316 1609 neque
1328 1539 1499 1609 pedestrium
1512 1540 1684 1594 voluminum
1697 1538 1819 1592 lectione
1833 1537 1945 1591 iuvisti.

364 1627 590 1697 :aucupabimur
614 1626 754 1679 nundinas
777 1626 950 1680 involantum
1042 1625 1084 1678 in·
1137 1628 1235 1697 Spreta
1254 1627 1355 1691 llas:
1374 1644 1489 1695 spargas
1514 1627 1580 1680 44004
1602 1625 1745 1679 volumina
1770 1626 1872 1677 40004
1898 1640 1945 1677 me

388 1712 557 1781 choabisque
586 1717 655 1766 tunc
685 1712 788 1765 frustra
817 1713 920 1766 rnovcri
948 1711 1084 1780 spoliatus
1170 1730 1278 1782 semper·
1303 1712 1437 1781 excipias,
1462 1713 1584 1766 fruemur
1606 1715 1699 1765 tamen
1719 1719 1769 1763 tuo
1786 1727 1874 1779 opere
1893 1710 1945 1763 sed

389 1801 475 1861 farto,
500 1799 524 1852 si
547 1816 619 1852 nunc
642 1802 756 1867 rogatus
774 1815 830 1852 non
849 1797 967 1851 moveris
985 1796 1083 1851 0444040.
1169 1800 1288 1853 aliorum
1307 1799 1492 1867 benignitate.

284 1886 394 1949 1x8‚1:
413 1885 547 1952 obsequia
566 1884 735 1938 combinans.
770 1883 800 1950 04
816 1883 852 1936 Vl
863 1885 912 1943 9,4.

284 1972 321 2026 Ill
332 1973 394 2035 82:
413 1970 615 2025 Gabaoniticae
634 1970 786 2023 servitutis.
1139 1973 1215 2024 40000
1234 1971 1270 2023 lX
1281 1972 1324 2025 27.

284 2058 540 2126 lxs,1:(longum
566 2059 658 2110 tacere
789 2074 839 2108 nos
934 2053 1085 2122 dequestus
1136 2059 1233 2126 80000.
1254 2058 1262 2110 4
1280 2057 1355 2121 14,l:
1375 2056 1447 2124 petis
1471 2074 1489 2108 a
1511 2072 1556 2108 me
1581 2055 1689 2109 litteras
1711 2055 1860 2122 longiores.
1900 2057 1945 2106 est

388 2148 440 2211 082)
468 2159 604 2212 cognosco
630 2143 739 2194 vestrae
762 2141 850 2210 partis
872 2140 938 2193 hinc
960 2139 1085 2192 studium
1172 2145 1222 2197 hoc
1241 2144 1270 2196 in
1290 2160 1339 2196 nos
1357 2142 1415 2195 veri
1433 2142 1535 2196 arnonis
1553 2142 1695 2195 indicium.

388 2270 498 2284 .....
534 2227 609 2282 mitti
649 2226 782 2295 paginam
819 2226 958 2294 copiosam
993 2226 1084 2279 denno

387 2316 474 2370 iubes.

362 2422 368 2454 :
387 2401 513 2454 votivum
599 2415 632 2451 ac
651 2400 836 2467 peroptatum.
872 2397 905 2462 04
924 2397 1022 2460 lvcis).

285 2487 322 2540 lx
332 2490 393 2547 92:
413 2486 517 2540 adsunt
536 2487 601 2536 vota
617 2483 680 2543 (scil.
694 2484 852 2547 scribendi).
871 2500 970 2536 000000
982 2482 1086 2535 absunt

388 2610 554 2625 ..........
573 2569 620 2623 sed
637 2568 707 2622 bene
726 2572 775 2632 004,
795 2569 865 2622 bene
879 2572 928 2631 est,
947 2569 1015 2637 quia
1028 2611 1033 2621 .
1044 2609 1050 2619 .
1062 2609 1084 2622 ..

387 2674 430 2709 res
454 2657 526 2710 sorte
549 2655 693 2709 succurrit.
728 2656 927 2721 cavillata:
950 2654 996 2707 scd
1023 2672 1085 2707 ecce

387 2743 453 2796 dum
477 2742 534 2794 iam
559 2741 708 2809 epistulam
803 2741 931 2795 claudere
949 2743 1084 2809 optrrrenr,

387 2829 496 2882 subitus
515 2870 520 2880 .
536 2867 561 2880 ..
583 2829 706 2881 nuntius.

362 2914 434 2981 :qui
460 2914 581 2983 porrigit
602 2913 667 2979 (0044.
689 2912 900 2979 salutationem)
919 2913 1011 2966 verbis
1030 2929 1084 2965 non

387 2999 561 3062 necessariis,
594 3016 611 3051 a
640 2999 739 3066 regula
769 2998 932 3052 Sallustiani
964 2998 1085 3051 tramitis

387 3086 513 3139 detortus
546 3084 700 3147 exorbitat,
731 3084 780 3151 qni
810 3083 960 3137 Catilinam
989 3084 1086 3151 culpat

387 3172 517 3225 habuisse
536 3170 604 3224 satis
619 3169 797 3238 eloquentiae
809 3170 965 3236 sapientiae
978 3186 1084 3238 pamm.

363 3280 368 3311 :
388 3276 439 3312 ave
458 3258 534 3311 dieto
555 3273 616 3309 mox
636 3258 699 3311 vale
716 3256 843 3309 dicimus.

420 3345 451 3411 04
470 3362 492 3398 c.
514 3343 604 3396 XlilV
616 3344 658 3396 744.

285 3434 392 3495 Illas:
412 3430 518 3499 quippe
537 3445 592 3496 quo
611 3426 777 3496 providente
796 3466 842 3478 ...
861 3427 912 3479 sira
931 3426 989 3479 tuis
1008 3426 1086 3478 libris

387 3515 565 3569 insalutatus.

284 3604 372 3669 1st
388 3622 393 3654 :
413 3601 572 3669 desperatio
590 3597 785 3665 consequendi.

363 3708 368 3740 :
388 3706 424 3741 an
446 3685 625 3755 supercilium
644 3687 787 3752 tamquam
806 3684 930 3737 ditlicilis
949 3702 981 3738 ac
1000 3684 1084 3750 rigidi

388 3771 506 3843 plosoris
524 3770 743 3823 extimescebas?

421 3859 454 3924 cf.
467 3857 594 3919 valae.

285 3945 395 4006 illas:
414 3960 450 3996 00
469 3942 537 4010 quia
555 3941 718 3995 indoctum?

286 4031 322 4085 [x
334 4032 395 4088 aa:
415 4029 496 4082 istius
516 4027 608 4081 mundi
629 4028 671 4081 bis
690 4028 859 4097 peregrinas.

363 4115 475 4169 :donec
503 4113 629 4181 gentium
658 4113 861 4168 concitatarum
889 4114 1011 4183 procella
1038 4115 1085 4167 de.-

388 4204 525 4255 fremeret.
560 4202 594 4266 04
616 4200 730 4263 {Viae

286 4290 322 4343 lx
334 4290 396 4345 aa:
416 4288 518 4341 nollem
536 4287 628 4341 adhuc
646 4286 763 4355 prodere
776 4287 843 4353 (scd.
856 4286 1011 4350 iudicium),
1029 4304 1085 4354 quo

1140 2484 1233 2538 etone.
1251 2488 1330 2545 ara:
1349 2486 1412 2539 volo
1435 2485 1470 2538 ad
1495 2488 1524 2537 te
1542 2484 1625 2553 plum
1642 2483 1774 2545 scribere,
1799 2486 1849 2539 sed
1868 2486 1945 2539 nihil

1173 2573 1305 2641 suppetit.
1344 2573 1412 2625 llcce
1430 2570 1504 2639 quod
1524 2571 1553 2623 in
1571 2570 1695 2623 animum
1714 2570 1799 2624 venit.

1138 3000 1220 3053 *.S'csll.
1231 3000 1288 3051 (ld.
1300 2999 1322 3051 V
1333 3000 1365 3051 4:
1379 2998 1447 3050 satis
1460 2998 1646 3065 eloquentiae.
1662 2999 1819 3068 sapientiae
1832 3016 1945 3068 parum.

1171 3085 1204 3149 04
1226 3083 1322 3137 44004.
1343 3085 1443 3139 roa-24.
1465 3085 1546 3141 tras.
1568 3086 1668 3145 marr.

1138 3256 1242 3309 00000.
1259 3256 1287 3307 la'
1304 3255 1365 3308 XVl
1377 3256 1473 3319 2105:
1493 3257 1619 3324 haveque
1638 3256 1713 3310 dicto
1732 3256 1777 3310 dic
1795 3258 1867 3312 vale.

1137 3428 1234 3498 chrysam
1246 3428 1257 3481 l
1271 3428 1328 3493 444
1342 3447 1347 3481 :
1365 3445 1414 3480 cur
1426 3445 1470 3481 me
1482 3428 1563 3481 istius
1577 3428 1674 3492 libelli,
1687 3446 1798 3497 quaeso,
1814 3433 1943 3485 exortem

1171 3530 1230 3567 esse
1249 3513 1383 3568 voluisti?

1137 3601 1234 3670 490000.
1254 3599 1303 3653 Vll
1315 3601 1345 3652 231
1362 3620 1368 3652 :
1387 3599 1545 3667 desperatio
1563 3601 1711 3669 aequandi.

1138 3688 1235 3756 Symm.
1256 3687 1267 3739 l
1286 3687 1366 3752 143:
1390 3689 1440 3739 aut
1466 3690 1540 3739 certe
1567 3687 1720 3756 malignus,
1747 3688 1796 3756 qni
1823 3690 1943 3745 laudare

1171 3774 1313 3827 nescirem.
1342 3772 1374 3837 04
1389 3771 1474 3826 444004.
1487 3772 1524 3824 lll
1536 3773 1577 3838 2,l
1591 3789 1644 3839 sep:
1664 3772 1744 3826 triste
1756 3776 1942 3844 supercilium

1171 3858 1289 3926 darique
1307 3874 1402 3911 severa
1421 3857 1534 3911 Catonis
1553 3858 1634 3911 lrons.

1138 3946 1237 4015 Syra-ers.
1258 3945 1356 4007 1142:
1375 3946 1425 3996 aut
1444 3941 1628 4013 (ε’μουσόιερος
1645 3945 1697 3999 tibi
1718 3944 1843 4000 videbar.

1142 4032 1248 4083 4404044.
1260 4031 1291 4082 de
1304 4045 1391 4082 coron.
1403 4030 1457 4083 004.
1478 4031 1528 4083 13:
1549 4031 1711 4099 peregrinus
1730 4032 1827 4086 mundi
1847 4034 1942 4089 huius.

1139 4117 1213 4170 Plia.
1232 4115 1359 4178 1010οι
1378 4131 1440 4166 cura
1462 4115 1517 4168 iam
1537 4116 1606 4169 satis
1624 4117 1729 4185 prirrrus
1747 4117 1795 4171 ille
1816 4118 1943 4188 impetus

1171 4201 1372 4256 defremuisset.

1139 4289 1237 4358 Sprma.
1258 4288 1357 4353 444,3;
1376 4285 1459 4339 velim
1479 4288 1584 4351 400000,
1608 4288 1676 4356 quid
1695 4288 1829 4343 sentiam.
1854 4290 1942 4344 velim

387 4373 547 4428 diuturnius
571 4371 766 4441 expectatione
789 4372 935 4442 penderes:
961 4373 1023 4441 plns
1042 4390 1085 4425 me
1172 4375 1246 4429 insto
1264 4375 1298 4429 de
1316 4378 1344 4427 te
1362 4372 1476 4426 silentio
1495 4372 1639 4427 vindicari.

387 4461 461 4515 enirn
480 4459 635 4522 ulciscerer,
654 4458 676 4511 si
696 4459 770 4527 quod
790 4459 863 4511 sensi
882 4462 1009 4512 timerem.

363 4568 369 4600 :
389 4549 421 4598 rrt
438 4546 536 4599 lectori
555 4548 605 4599 tuo
623 4561 671 4598 sen
691 4544 841 4599 reluctanti
860 4561 908 4598 seu
927 4544 1085 4598 voluntario

387 4632 430 4685 vis
462 4630 617 4700 voluptatis
647 4632 766 4685 excudat
797 4631 937 4701 praeconii
969 4630 1085 4684 necessi-

387 4720 484 4772 tatem

387 4804 455 4873 quid
540 4805 570 4856 04
586 4802 717 4857 iniuriam
737 4803 811 4873 passi
831 4818 999 4856 censeamus.

1139 4543 1212 4596 Plia.
1234 4544 1331 4612 Panep.
1350 4546 1403 4599 73:
1422 4546 1512 4599 multa
1531 4545 1645 4601 fecimus
1664 4549 1775 4613 sperae,
1797 4547 1880 4615 plura
1899 4548 1943 4601 in-

1172 4630 1276 4684 stinctu
1295 4631 1414 4697 quodam
1428 4635 1457 4685 04
1469 4633 1594 4701 imperio.
1625 4632 1696 4685 Nam
1709 4632 1814 4697 gaudio
1827 4651 1944 4701 qnoque

1172 4716 1289 4784 cogendi
1309 4715 1350 4770 vis
1369 4716 1449 4771 inest.

1136 4803 1233 4873 490000.
1253 4803 1353 4866 Illa:
1373 4806 1401 4857 te
1419 4804 1553 4858 miramur
1571 4803 1675 4857 offensi.

1138 4889 1237 4959 Syram.
1257 4890 1294 4943 VI
1304 4890 1340 4943 4:
1359 4889 1513 4945 dictatione
1531 4891 1689 4959 properata.

1136 4975 1233 5044 Spmm
1253 4975 1353 5037 llas:
1372 4978 1401 5029 40
1418 4976 1552 5030 miramur
1570 4974 1675 5028 otlensi.

1136 5060 1233 5130 Syram
1245 5060 1296 5114 Vll
1307 5063 1339 5115 9:
1353 5062 1509 5117 litterarum
1520 5064 1585 5118 dote
1594 5063 1723 5117 ditescas.
1748 5061 1822 5117 Ptin.
1834 5062 1874 5116 Ill
1883 5064 1943 5127 3,4:

1172 5149 1289 5201 naturae
1309 5189 1355 5202 ...
1374 5148 1494 5204 dotibus.

283 4892 321 4946 lx
332 4892 389 4954 9,44
406 4910 412 4944 z
432 4889 602 4943 dictationis.

362 4998 368 5030 ε
389 4994 451 5030 curn
471 4992 522 5028 nec
540 4975 659 5029 otlensus
676 4975 760 5029 aliter
778 4974 879 5029 indico.

284 5065 411 5128 laam:
430 5062 517 5117 animi
548 5062 762 5129 litterarumque
791 5061 905 5115 dotibus
934 5060 1084 5129 praeditus.

386 5150 416 5216 04
437 5148 526 5214 [llil.

362 5234 531 5289 :mulierem
551 5235 696 5304 pulchram
715 5233 762 5287 sed
781 5233 860 5287 illam
876 5231 1085 5288 deuteronomio
1136 5232 1243 5287 Dealcr.
1263 5233 1327 5287 XXI
1338 5235 1369 5287 11
1382 5250 1455 5303 app:
1475 5238 1504 5288 et
1528 5235 1630 5289 videris
1654 5236 1684 5288 in
1708 5253 1823 5291 numero
1850 5240 1944 5308 capti·

387 5321 561 5391 astipulante
593 5322 744 5377 nubentem
883 5320 935 5374 tibi
967 5319 1086 5387 iugasti;
1172 5336 1269 5373 vorum
1292 5320 1437 5374 mulierem
1463 5320 1606 5390 pulchram
1632 5323 1661 5374 et
1683 5322 1859 5377 adamaveris
1877 5341 1943 5379 eam

385 5426 469 5477 quarn
490 5408 629 5461 ...inter
641 5407 757 5461 hostiles
770 5407 948 5477 conspicatus
960 5408 1086 5460 artemas
1173 5406 1348 5475 voluerisque
1366 5406 1468 5461 habere
1486 5424 1608 5463 uxorem.
1642 5409 1805 5464 Introduces
1822 5428 1885 5465 eam
1913 5413 1944 5468 in

388 5534 454 5547 ....
473 5493 634 5547 adamatam
722 5494 854 5563 rapuisti,
880 5491 1085 5562 philosophiam
1171 5492 1283 5547 domum
1303 5495 1397 5546 tuam:
1417 5510 1488 5562 quae
1507 5492 1587 5547 radet
1605 5494 1755 5549 caesariem
1774 5499 1804 5550 et
1821 5496 1943 5553 circum·

387 5578 508 5634 scilicet.
536 5596 609 5647 quae
635 5596 776 5633 ...raso
802 5578 905 5648 capillo
930 5579 1086 5649 superfluae
1170 5578 1245 5633 cidet
1263 5596 1379 5647 ungues.
1415 5579 1450 5632 Et
1467 5579 1589 5649 deponet
1608 5584 1722 5643 vestem,
1741 5582 1770 5636 in
1786 5590 1943 5655 quasaptu
