4462 6216
693 337 895 393 AUCTORUM
913 338 1059 393 SIDONIO
1078 339 1330 395 ANVERIORUM.
1778 346 1840 409 373

310 509 492 575 SIDONII
512 509 860 576 EPISTULARUM

180 614 245 668 VIII
256 614 318 677 3‚3:
337 613 491 666 carminum
520 613 617 668 modos
646 613 700 666 tibi
809 614 984 682 penitissime
1038 614 1137 683 Syram.
1155 616 1269 679 1119‚1:
1291 616 1368 669 fratri
1383 632 1534 670 ...omnes
1555 616 1646 670 bonae
1664 619 1738 670 artes
1756 617 1838 671 fami·

283 699 443 753 familiares.
467 701 502 765 os.
513 701 539 753 ll
552 702 626 764 10‚3:
639 700 778 754 trochaeis
788 698 946 769 triplicibus
959 741 982 756 ..
1070 700 1153 754 liores
1171 705 1244 755 sunt.

282 786 351 838 mihi
372 829 396 840 ..
414 785 658 855 perfamiliaribus.
1203 795 1204 799 ’

258 871 431 940 :perorandi
511 873 622 935 flumen,
640 871 714 939 quod
734 888 789 925 non
808 872 896 925 solum
916 889 983 941 gen·
1035 871 1109 925 Pas.
1119 872 1157 925 VI
1169 875 1246 940 15,1:
1265 873 1362 927 scribit
1380 874 1481 943 elegos.
1508 873 1687 942 gentilicium
1711 874 1764 928 hoo
1786 873 1839 927 illi.

283 957 403 1010 tilicium
422 958 470 1011 sed
489 958 673 1012 domesticum
691 958 752 1012 tibi.
1071 957 1108 1010 IX
1118 958 1198 1022 222:
1218 959 1293 1027 leges
1312 977 1381 1028 opus
1405 959 1531 1026 (arcadem
1549 959 1611 1027 riri)
1706 960 1791 1028 plane
1809 961 1838 1013 in

252 1116 254 1120 Α
1071 1044 1198 1112 Properti
1217 1045 1299 1099 domo
1317 1045 1460 1114 scriptum.

180 1130 317 1195 Vlll3‚4:
337 1146 437 1183 exuere
460 1133 613 1198 utcumque
635 1130 886 1184 continuatissimis
910 1131 982 1184 curis
1036 1128 1105 1183 Stat.
1118 1130 1174 1183 sile.
1188 1130 1227 1184 IV
1237 1132 1298 1194 428
1309 1147 1366 1199 sq:
1386 1148 1456 1185 exue
1474 1130 1547 1186 curis
1566 1133 1662 1200 pectus
1681 1135 1709 1184 et
1726 1132 1839 1187 assiduo

283 1221 312 1269 et
330 1216 419 1270 otium
439 1218 518 1270 tuum
542 1216 663 1270 molibus
686 1217 786 1270 aulicis
804 1216 982 1284 motibusque
1068 1218 1156 1269 temet
1174 1217 1266 1269 furare
1284 1217 1381 1271 labori.
1408 1218 1441 1283 of.
1455 1216 1723 1285 VespdeaVBAb:
1742 1221 1839 1272 fessos·

283 1303 383 1357 furare.
1069 1319 1124 1370 que
1142 1302 1236 1357 oculos
1254 1303 1346 1356 furare
1364 1303 1462 1358 labori.

257 1389 318 1442 :ad
338 1388 507 1457 Aethiopum
531 1388 775 1458 gymnosophistas
795 1389 982 1455 Indorumque
1035 1387 1145 1441 Hieron.
1168 1389 1198 1440 ia
1225 1388 1315 1442 Erech.
1342 1389 1399 1442 13:
1428 1388 1560 1443 Indorum
1593 1389 1777 1444 brachmanes
1810 1394 1839 1444 et

284 1475 456 1529 bracmanas.
1068 1475 1236 1543 Aethiopum
1256 1475 1512 1544 gymnosophistae.

180 1560 245 1614 VIII
255 1562 297 1624 3‚5
312 1581 318 1614 :
337 1561 501 1630 pumicatos.
527 1560 560 1625 ef.
574 1561 646 1623 lta

258 1667 264 1700 ι
283 1647 436 1700 venerabili
456 1647 584 1713 squalore
602 1647 762 1717 pretiosum.
1034 1646 1102 1702 Hor.
1115 1663 1137 1702 c.
1150 1648 1176 1700 II
1191 1649 1270 1708 122:
1289 1665 1344 1702 non
1364 1647 1494 1702 indecoro
1512 1648 1627 1718 pulvere
1645 1648 1778 1702 sordidos.

182 1733 245 1787 VIII
254 1735 316 1796 3‚6:
335 1734 390 1788 fors
410 1735 470 1787 fuat
488 1750 533 1789 an.
561 1734 595 1798 cs.
609 1734 711 1795 Harl.

179 1819 244 1873 VIII
253 1821 316 1882 4‚1:
335 1837 390 1873 nou
409 1820 507 1872 minus
526 1818 591 1873 stilo
610 1837 693 1887 quam
713 1818 817 1873 vomeri
836 1817 982 1871 incumbis.
1036 1818 1108 1871 Pan.
1122 1818 1172 1871 VII
1184 1819 1265 1880 aaa:
1284 1818 1353 1872 ceris
1372 1820 1401 1871 et
1418 1818 1484 1871 stilo
1502 1819 1647 1874 incumbit

281 1906 314 1971 ιγ’.
327 1906 399 1967 l3‚1.

257 2011 263 2044 ι
283 1991 389 2044 domini
409 1992 508 2060 plusne
527 1992 565 2045 sit
582 1990 690 2046 cultum
708 2009 754 2044 rus
772 2008 807 2043 an
827 1991 981 2058 ingenium.
1034 1990 1109 2044 Pla.
1128 1991 1167 2053 IV
1177 1992 1239 2054 62:
1257 2007 1309 2044 nec
1326 2008 1425 2058 agrum
1446 1991 1545 2044 ...sed
1564 1993 1655 2062 ipsum
1674 2012 1718 2047 me
1736 1994 1837 2048 studiis

282 2077 315 2142 cf.
329 2077 401 2135 163.
1068 2076 1171 2131 excolo.

178 2164 245 2218 VIII
254 2165 316 2227 42:
336 2164 407 2217 citos
425 2164 540 2218 iambos.
1032 2161 1100 2214 Hor.
1113 2178 1135 2215 o.
1149 2162 1160 2214 Ι
1172 2162 1247 2226 1624
1261 2182 1266 2215 :
1286 2162 1388 2216 celeres
1406 2161 1521 2216 iambos.

257 2246 980 2317 :carminamusicosfloresthymumqneredolentia.
1033 2247 1132 2316 Syram.
1152 2247 1283 2313 lV18,1:
1307 2265 1369 2301 eum
1398 2248 1525 2316 thymum
1553 2249 1701 2304 facundiae.
1729 2251 1837 2320 spirent
1937 2276 1941 2281 ·

1067 2334 1179 2387 litterae
1198 2337 1263 2387 tuae
1283 2374 1341 2388 ....
1360 2351 1437 2387 acres
1450 2334 1549 2388 herbas
1564 2336 1622 2389 olet
1638 2337 1756 2391 rusticus
1776 2379 1835 2392 ....

1067 2438 1115 2475 vos
1138 2420 1222 2475 unrici
1241 2421 1424 2474 Camenarum
1448 2420 1527 2473 flores
1551 2423 1668 2476 ructatis
1687 2423 1834 2477 Heliconis.

1068 2507 1166 2576 Syram.
1186 2508 1286 2570 1231:
1306 2506 1408 2560 Atticis
1427 2506 1532 2560 salibus
1551 2525 1662 2576 aspersa
1688 2512 1717 2562 et
1738 2510 1836 2578 thyino

1065 2593 1152 2647 odora
1170 2592 1234 2658 (scil.
1255 2592 1380 2662 pagina).

256 2701 262 2735 :
281 2698 298 2734 a
316 2678 509 2733 meditationis
527 2677 636 2730 incude.
665 2677 697 2742 cf.
712 2675 747 2728 IX
760 2676 826 2738 13‚‘2.

178 2767 243 2821 VIII
253 2768 315 2831 nl:
334 2766 388 2819 ibis
407 2768 436 2819 et
454 2767 485 2818 tu
506 2764 536 2816 in
559 2762 678 2833 paginas
697 2764 805 2815 nostras
904 2760 980 2814 vivet
1031 2765 1104 2820 Pas.
1123 2765 1223 2834 Panep.
1241 2767 1296 2819 bb:
1315 2764 1370 2818 ibit
1397 2765 1427 2818 in
1451 2765 1571 2818 saecula.
1610 2768 1712 2820 Aaron.
1732 2768 1834 2821 Mosell.

280 2852 308 2905 in
329 2855 471 2922 posterum
490 2849 611 2904 nominis
630 2849 671 2902 tui
691 2847 789 2916 gloria.
1067 2850 1208 2920 (xviris)
1227 2850 1297 2904 476:
1317 2850 1370 2903 ibis
1389 2850 1418 2903 in
1437 2867 1486 2904 ora
1504 2851 1656 2905 hominum.

773 2932 776 2937 ’
930 2924 946 2955 '
1032 2935 1129 2989 Claud.
1149 2937 1203 2990 131
1216 2952 1272 3003 sq:
1291 2936 1364 2991 vivit
1441 2936 1542 3006 gloria.

255 3045 261 3077 ε
280 3023 422 3077 amicitiae
441 3023 569 3077 columen
588 3061 632 3075 ...
651 3021 743 3074 decus.
1031 3022 1098 3075 Hor.
1112 3038 1134 3075 c.
1148 3023 1174 3076 11
1185 3023 1263 3086 17‚4:
1282 3023 1365 3076 decus
1383 3022 1575 3091 columenque.
1601 3040 1622 3077 c.
1642 3024 1714 3085 112.

178 3110 315 3169 vlnus:
334 3110 404 3163 nihil
425 3113 475 3162 tua
494 3108 547 3161 fide
565 3107 678 3161 firmius.
1031 3108 1106 3161 Pla,
1125 3107 1164 3161 lV
1172 3109 1251 3171 2⁴23:
1270 3125 1325 3177 quo
1344 3108 1404 3162 viro
1423 3107 1495 3161 nihil
1512 3108 1626 3163 firmius.

254 3213 367 3265 :prope
398 3197 441 3248 cst
474 3197 506 3247 ut
536 3194 705 3247 eminentius
732 3193 878 3245 censeatur
904 3189 979 3257 quod
1034 3194 1107 3247 Plias.
1125 3195 1224 3262 Pomp.
1243 3196 1302 3248 31:
1327 3213 1389 3248 cum
1422 3193 1544 3248 secunda
1577 3195 1685 3253 felices.
1717 3195 1834 3251 adversa

280 3282 470 3350 probaverunt
495 3284 524 3333 te
546 3281 662 3334 adversa
684 3280 871 3339 constantem,
894 3293 978 3344 quam
1066 3297 1184 3348 magnos
1202 3280 1329 3349 probent
1357 3280 1426 3334 Hor.
1438 3285 1487 3333 sat.
1508 3280 1602 3344 11833
1614 3296 1669 3348 sq:
1688 3280 1832 3349 ingenium

281 3368 304 3420 si
324 3368 448 3421 celarent
467 3365 588 3420 secunda
606 3366 723 3419 felicem.
1066 3384 1108 3421 res
1127 3367 1260 3420 adversm
1277 3366 1384 3420 nudare
1403 3367 1502 3430 solent,
1521 3367 1612 3421 celare
1629 3368 1774 3422 secundae.

180 3454 314 3519 Vlll6,1:
334 3452 488 3522 aequipari.
1031 3453 1136 3506 Aaron.
1156 3452 1247 3507 XXVI
1256 3455 1324 3519 258.
1353 3452 1459 3507 XXVII
1470 3454 1563 3517 11‚14:
1582 3454 1754 3524 aequipares.

256 3540 445 3609 :priusquam
480 3538 544 3603 (aa.
572 3537 683 3602 Caesar)
722 3537 807 3590 vestri
836 3534 980 3605 Arpinatis
1032 3538 1085 3592 (llo.
1104 3539 1184 3592 Bria,
1204 3538 1260 3591 72:
1286 3538 1321 3591 de
1349 3538 1465 3593 Caesare
1562 3540 1655 3594 iudico
1752 3541 1833 3594 illum

280 3624 442 3680 testimonio
469 3623 568 3678 ceteris
593 3623 759 3678 mortalibus
785 3623 979 3676 anteferretur.
1066 3625 1189 3679 omnium
1202 3624 1259 3678 fere
1271 3627 1411 3678 oratorum
1424 3624 1523 3679 Latine
1535 3627 1612 3695 loqui
1626 3627 1834 3695 elegantissime

585 3726 587 3731 ⁴
1065 3728 1085 3766 e.
1103 3729 1127 3780 q.
1145 3727 1194 3780 seq.
1213 3713 1244 3777 cs.
1265 3711 1333 3765 Suet
1352 3710 1405 3764 Iul.
1424 3715 1466 3767 55.

178 3798 243 3852 VIII
253 3799 315 3861 62:
334 3798 357 3852 si
376 3814 463 3867 parva
481 3795 591 3866 magnis
609 3811 775 3865 componere
793 3793 867 3849 licet.
1037 3799 1110 3867 Verp.
1120 3814 1203 3868 peorp.
1217 3797 1254 3851 IV
1268 3799 1335 3852 116:
1353 3796 1377 3851 si
1394 3813 1481 3866 parva
1500 3796 1568 3853 licet
1580 3815 1746 3868 componere
1756 3815 1833 3869 mag·

1065 3884 1116 3939 nis.
1148 3883 1217 3939 sear.
1235 3883 1291 3938 silo.
1308 3882 1390 3947 lael
1403 3899 1439 3950 sq.
1469 3882 1592 3951 Oaraet.
1604 3884 1627 3938 V
1637 3886 1688 3939 416
1699 3900 1736 3952 ag.

1033 3969 1229 4038 Plausus:
1248 3968 1379 4024 similiter
1396 3985 1455 4032 nos,
1474 3973 1506 4024 ut
1524 3986 1611 4040 parva
1629 3970 1747 4038 magnis.

178 4057 243 4110 Vlll
253 4056 315 4121 6,3;
334 4054 444 4124 gaudeo
454 4051 978 4124 depraestautissimiviriauctoritate,

281 4141 303 4194 si
318 4144 472 4204 certasset,
488 4157 590 4207 amore,
606 4141 629 4193 si
642 4140 758 4194 fallitur.
786 4140 822 4203 os.
836 4137 901 4191 VIII
913 4138 978 4201 las.

256 4248 261 4281 :
281 4227 379 4280 mundi
398 4226 454 4280 iam
472 4227 647 4280 senescentis.
674 4227 707 4292 cs.
720 4225 787 4279 VIII
796 4226 847 4287 21.
1031 4223 1104 4277 Plias.
1115 4223 1181 4277 VIII
1193 4225 1270 4292 12‚1:
1290 4224 1447 4279 litterarum
1466 4226 1522 4280 ianr
1541 4227 1751 4281 senescentium.

256 4313 393 4367 :lassatis
416 4312 504 4366 veluti
529 4312 680 4367 seminibus
703 4311 890 4365 emedullatae
913 4308 977 4376 (scil.
1032 4308 1222 4374 Plasvlam
1238 4331 1244 4364 ε
1263 4328 1354 4380 neque
1385 4312 1459 4365 enim
1485 4312 1566 4380 quasi
1594 4313 1666 4366 lassa
1693 4317 1723 4367 et
1751 4312 1833 4366 effeta

282 4399 409 4465 virtutes)
438 4416 536 4468 parum
560 4399 667 4467 aliquid
694 4399 746 4452 hoc
771 4400 896 4464 tempore
1065 4398 1167 4448 natura
1184 4395 1330 4450 nihilium
1351 4396 1594 4466 laudabileparit.

281 4484 437 4537 mirandum
448 4502 481 4538 ac
490 4484 829 4538 mernorabileostentant.
842 4480 977 4546 millai.

179 4571 315 4634 Vlllb,4:
334 4570 387 4623 etsi
412 4571 526 4624 reddere
551 4574 678 4623 mutuum
697 4567 793 4622 videor
818 4567 882 4635 (scil.
904 4565 977 4635 quod
1032 4566 1420 4631 1’a'n.1xs‚1:silaudatus
1442 4587 1460 4623 a
1482 4570 1510 4623 te
1528 4568 1643 4622 laudare
1661 4570 1690 4621 te
1708 4580 1832 4638 coepero.

280 4672 324 4709 me
342 4656 491 4724 laudavit).
517 4656 550 4721 cf.
564 4655 631 4709 VIII
642 4655 707 4717 10‚1.
1064 4669 1160 4706 vereor
1177 4670 1213 4706 ne
1292 4654 1393 4708 referre
1411 4654 1532 4724 gratiam
1551 4654 1654 4708 videar.

1030 4738 1126 4808 mam.
1146 4738 1243 4803 XLI:
1262 4756 1298 4794 ne
1317 4740 1448 4795 laudatus
1532 4739 1686 4794 feneratam
1708 4741 1831 4810 gratiam

1064 4824 1173 4879 viderer
1189 4825 1326 4882 retulisse.
1360 4827 1412 4882 hoc
1431 4827 1566 4896 estquod
1584 4826 1684 4880 aiunt:
1703 4829 1833 4881 mutuum

1064 4910 1177 4965 scabere
1195 4912 1294 4968 mulos.
1323 4913 1415 4978 131‚1.

176 4999 242 5052 VIII
251 5001 312 5064 as:
332 4998 465 5052 votivum.
494 4996 638 5063 cflIanf.

86 5156 88 5160 Δ
177 5085 242 5139 VIII
253 5087 315 5145 ab:
335 5101 438 5154 singna
445 5083 598 5137 acrimonia
606 5081 977 5136 maiorefacundiamaxima

244 5169 403 5239 disciplina.
431 5169 576 5235 cs.1117‚‘2.

254 5276 260 5310 :
279 5256 407 5310 Sarranis
426 5255 532 5309 ebriam
550 5254 631 5308 sucis.
657 5255 689 5320 of.
702 5270 723 5307 c.
739 5254 788 5307 XV
802 5256 858 5308 129.
1033 5254 1116 5310 Mart.
1136 5256 1199 5309 XIV
1211 5257 1304 5318 roal:
1325 5255 1403 5308 ebria
1415 5254 1548 5309 Sidoniae
1565 5271 1627 5308 cum
1646 5255 1703 5309 sint
1721 5255 1756 5308 de
1770 5272 1832 5309 san·

1065 5341 1152 5410 guine
1165 5342 1293 5396 conchae.
1327 5341 1419 5394 Tubuli.
1434 5340 1472 5393 IV
1481 5341 1541 5402 216
1555 5360 1560 5393 :
1580 5341 1684 5394 vellera
1700 5340 1749 5394 det
1760 5342 1833 5395 sucis

1069 5429 1112 5482 bis
1130 5428 1289 5481 nradefucta
1308 5427 1403 5495 Tyros.

280 5514 434 5583 palmatam
460 5513 523 5581 plus
546 5512 621 5581 picta
647 5512 786 5567 oratione.
811 5510 874 5580 plus
893 5527 977 5563 aurea
1030 5512 1833 5580 Aasoss.prat.octhlII)11‚13:haecestpictautdici·

279 5599 501 5653 convenustavit.
1065 5604 1112 5652 tur
1130 5599 1217 5653 vestis
1235 5616 1291 5651 non
1309 5598 1399 5668 magis
1417 5615 1485 5652 auro
1503 5615 1552 5650 suo
1565 5615 1648 5666 quam
1665 5599 1722 5652 tuis
1736 5599 1833 5653 verbis.
