4462 6216
367 343 428 404 334
975 338 1115 395 RUlthIl
1133 335 1391 394 EPISTULARUM

281 510 316 582 (ι’
368 512 409 576 ad
431 512 650 578 sacerdotium
672 534 776 600 usque
807 514 976 600 perduxit,
1006 515 1058 578 eui
1087 515 1227 580 leuasse
1250 514 1348 578 etiam
1371 512 1462 577 iuxta
1483 512 1624 577 divinam
1647 510 1909 577 misericordiam
1932 514 2013 579 lucis

315 618 335 677 4
367 615 460 680 istius
484 617 622 682 debetur
644 637 754 682 usura.
796 617 854 681 sed
876 617 958 682 haee
980 637 1041 701 ego
1064 616 1259 683 beatitudini
1279 624 1356 681 tuae
1373 616 1491 697 seribo,
1514 635 1578 680 non
1593 616 1688 702 quasi
1703 614 1830 701 aliquid
1846 615 2013 703 imputans

367 726 423 782 aut
450 719 668 805 exprobrans,
699 719 757 784 sed
785 727 821 783 ut
851 720 917 784 filio
947 722 1130 803 carissimo,
1163 742 1259 806 quem
1288 721 1359 785 sine
1388 719 1454 784 ullo
1485 740 1587 784 naevo
1617 720 1713 804 cupio
1743 719 1777 783 in
1801 719 1866 784 hoc
1890 720 2012 786 mundo

365 820 542 908 impietatis
573 821 724 888 incedere
754 831 787 887 et
814 845 930 909 purum
957 832 1056 909 atque
1085 825 1327 889 immaculatum
1359 822 1393 886 in
1425 821 1480 885 illo
1515 821 1568 887 die
1602 821 1712 887 iudicii
1743 842 1857 887 eoram
1886 822 1952 888 deo
1980 832 2012 887 et

312 926 332 985 5
364 927 490 1010 angelis
514 927 584 991 eius
606 947 644 990 ae
669 929 923 1013 congregatione
947 930 1054 993 carnis
1077 930 1178 994 totius
1194 948 1364 1014 apparere.
1403 925 1508 990 saluto
1523 925 1634 1010 itaque
1648 926 1904 991 unanimitatem
1922 934 2012 992 tuam
2046 943 2056 979 ⁵

363 1034 397 1092 et
424 1050 517 1114 rogo,
546 1037 582 1093 ut
603 1051 662 1115 pro
684 1051 735 1094 me
759 1051 853 1097 orare
876 1032 1020 1117 digneris
1043 1033 1222 1117 simulque,
1246 1052 1320 1094 eum
1343 1035 1559 1115 opportunum
1583 1029 1677 1094 vobis
1700 1029 1816 1107 fuerit,
1842 1051 1904 1094 nos
1928 1032 2011 1096 tanti

364 1130 515 1197 habeatis
538 1134 680 1198 visitare.
725 1135 810 1201 vale.

1120 1409 1246 1475 XXIX.

771 1560 985 1627 RURIUIUS
1007 1560 1235 1626 EUFRASIO
1259 1562 1345 1627 SUO
1370 1562 1590 1627 SALUTEM.

315 1704 325 1761 l
464 1680 603 1786 Minoa,
627 1711 833 1775 sanctitatem
854 1716 996 1777 vestram
1019 1718 1094 1797 post
1116 1718 1281 1776 tantorum
1304 1718 1338 1775 et
1359 1711 1472 1775 talium
1488 1709 1630 1804 virorum
1646 1707 1767 1773 iudicia
1782 1711 1894 1796 potius
1911 1733 2009 1799 quam
2033 1730 2056 1769 1⁰

364 1814 522 1899 rescripta
545 1815 642 1879 etiam
666 1815 815 1878 inscitiae
839 1835 932 1880 meae
956 1815 1122 1900 quaesisse
1146 1817 1352 1892 sententiam,
1376 1812 1462 1899 quod
1478 1833 1534 1876 vos
1558 1811 1662 1897 magis
1686 1834 1743 1898 pro
1760 1816 2007 1883 necessitudine

363 1937 458 2002 quarn
483 1918 677 1982 necessitate
702 1918 821 1983 fecisse
846 1919 987 1999 conicio,
1016 1938 1058 1982 ne
1082 1918 1174 1981 euius
1198 1918 1278 1981 tanti
1301 1917 1430 1982 habetis
1453 1916 1663 2002 praecipuum
1686 1916 1718 1979 in
1749 1917 1861 1982 animo
1891 1926 2007 1986 tenera

312 2023 331 2082 2
364 2021 495 2101 cultum,
519 2020 708 2086 videremini
732 2023 764 2085 in
787 2023 919 2106 negotio
942 2021 1199 2107 praetermisisse
1222 2041 1429 2086 eonsensum.
1472 2018 1559 2084 unde
1581 2019 1704 2103 gratias
1729 2041 1792 2105 ago
1816 2020 2008 2091 individuae

363 2123 440 2187 mihi
475 2124 508 2188 in
541 2122 672 2189 Christo
711 2125 918 2209 germanitati
953 2130 1097 2203 vestrae,
1137 2123 1223 2209 quod
1258 2125 1304 2188 ita
1339 2123 1379 2189 de
1415 2122 1508 2187 nobis
1542 2143 1750 2207 praesumere
1786 2132 1821 2189 et
1859 2124 2007 2192 iudicare

362 2225 554 2309 dignamini,
584 2235 620 2293 ut
648 2228 728 2292 nihil
756 2227 936 2292 habeamus
964 2235 1020 2293 aut
1050 2227 1084 2291 ln
1112 2228 1256 2292 caritatis
1285 2227 1492 2313 simplicitate
1523 2225 1693 2290 subdolum
1715 2233 1771 2291 aut
1795 2228 1828 2291 in
1853 2229 2006 2295 veritatis
2032 2246 2054 2283 1⁵

311 2331 330 2391 3
362 2331 502 2414 puritate
525 2331 679 2398 fucatum.
725 2331 824 2396 reddo
854 2333 963 2416 itaque
994 2331 1138 2396 debitum
1166 2331 1388 2395 unanimitatis
1420 2330 1560 2394 officium
1584 2335 1617 2393 et
1646 2329 1686 2393 de
1708 2350 1808 2394 causa
1839 2353 1905 2417 qua
1928 2334 2007 2398 milri

363 2433 502 2499 seribere
533 2435 657 2520 dignati
685 2435 764 2500 estis
793 2434 879 2499 idem
909 2456 960 2499 mo
990 2435 1076 2521 quod
1104 2441 1138 2500 ct
1167 2435 1283 2498 fratros
1316 2440 1444 2499 nostros
1474 2434 1594 2498 sentire
1624 2433 1782 2517 significo.
1833 2435 1893 2499 sed
1929 2437 2007 2521 quid

359 2536 445 2601 facto
469 2559 550 2623 opus
574 2540 616 2602 sit
639 2538 691 2602 vel
714 2538 791 2623 quid
814 2538 893 2601 mihi
916 2539 1118 2624 potissimum
1141 2538 1212 2601 lieri
1242 2537 1363 2602 debere
1386 2536 1545 2615 videatur,
1577 2559 1635 2623 per
1663 2536 1834 2602 diaconem
1860 2548 2006 2605 vestrum

358 2642 459 2707 verbo
481 2641 622 2706 fideliter
645 2642 800 2722 intimavi,
824 2662 907 2727 quae
931 2644 1063 2727 longum
1087 2642 1149 2706 luit
1170 2642 1289 2707 litteris
1312 2639 1457 2705 indicari
1503 2662 1559 2704 ora
1582 2662 1638 2726 pro
1661 2663 1724 2707 me.

1123 3007 1233 3075 XXX.

728 3160 945 3227 RURIUIUS
969 3161 1265 3227 HIlItAULIANO
1290 3160 1376 3225 SUO
1401 3158 1621 3224 SALUTEM.

307 3304 318 3362 l
462 3276 535 3386 Qu
566 3331 601 3373 se
633 3329 724 3373 reum
753 3307 793 3372 de
823 3309 928 3375 olfieio
960 3331 1033 3374 esse
1063 3308 1246 3394 cognoscit,
1282 3307 1372 3394 prius
1401 3306 1585 3392 supplicare
1617 3303 1716 3368 debet
1750 3324 1848 3387 quam
1881 3307 2005 3373 audeat

356 3413 509 3492 salutare,
533 3412 609 3496 quia
632 3413 716 3475 sleut
738 3413 922 3498 importune
946 3413 1125 3477 occurritur
1146 3411 1331 3497 imputanti,
1353 3410 1400 3475 ita
1422 3415 1604 3495 opportune
1629 3407 1805 3471 remittitur
1821 3410 2003 3478 confitenti.

304 3517 323 3576 2
355 3522 388 3577 et
411 3516 484 3580 ideo
506 3536 566 3578 nos
590 3523 734 3580 nostram
758 3516 791 3579 in
815 3518 919 3603 palam
944 3517 1153 3604 producimus
1176 3537 1311 3595 noxam,
1342 3521 1377 3578 ut
1407 3512 1536 3577 facilius
1564 3510 1735 3598 pervenire
1763 3513 1931 3595 possimus
1960 3513 2002 3580 ad

355 3619 492 3699 veniam,
516 3618 593 3703 quia
615 3639 678 3682 non
701 3620 893 3704 relinquitur
915 3622 1004 3685 loeus
1021 3619 1204 3706 imputanti,
1229 3639 1301 3681 eum
1318 3616 1424 3681 aditus
1441 3615 1583 3702 patuerit
1599 3613 1793 3699 deploranti,
1818 3616 2001 3683 seeundum
2026 3632 2050 3671 ²⁵

354 3720 441 3783 illam
473 3722 686 3785 sententiam:
719 3722 769 3785 die
796 3727 831 3784 tu
855 3724 943 3807 prior
965 3724 1154 3808 iniquitates
1177 3729 1268 3802 tuas,
1295 3728 1331 3784 ut
1354 3720 1549 3784 iustificeris.
1595 3739 1660 3782 non
1684 3717 1769 3781 enim
1793 3720 2001 3803 praevalebit

355 3824 537 3886 accusantis
561 3823 695 3903 invidia,
717 3824 773 3888 ubi
795 3825 961 3890 humilitas
984 3827 1201 3913 praecesserit
1227 3825 1451 3911 supplicantis.
1501 3845 1596 3909 quam
1625 3822 1667 3887 ob
1691 3843 1759 3886 rem
1781 3842 1857 3903 nos,
1883 3824 1911 3888 si
1935 3826 1999 3890 iam

303 3926 322 3986 3
355 3925 542 3989 excusando
576 3925 730 3991 diluimus
765 3930 909 4014 eulpam,
944 3931 1111 3994 veniamus
1146 3929 1187 3992 ad
1222 3949 1364 3993 causam.
1416 3929 1554 3992 salutem
1589 3947 1666 4009 ergo
1699 3929 1825 3988 tautam
1860 3924 1998 3991 dicimus

354 4027 467 4112 pietati
496 4037 643 4109 vestrae,
679 4037 832 4115 quantam
864 4038 973 4117 potest
1007 4034 1145 4098 affectus
1177 4033 1368 4116 intellegere
1402 4039 1436 4097 et
1465 4053 1530 4095 non
1559 4035 1668 4116 potest
1697 4048 1803 4093 sermo
1838 4030 1997 4115 prolerre,

353 4138 506 4215 quantam
540 4134 660 4219 sentire
698 4156 870 4220 possumus
910 4144 943 4202 et
980 4159 1044 4201 non
1085 4137 1234 4202 valemus
1273 4157 1452 4220 exponere,
1494 4139 1647 4220 quantam
1686 4136 1796 4217 potest
1828 4131 1997 4199 interioris
2022 4148 2047 4186 ³⁰

302 4236 320 4294 4
353 4255 444 4298 mens
475 4235 638 4302 desiderio
667 4237 826 4305 calefacta
855 4240 1025 4325 concipere
1054 4246 1087 4305 et
1113 4260 1179 4304 non
1208 4245 1317 4325 potest
1350 4239 1462 4322 lingua
1495 4235 1665 4301 exterioris
1700 4252 1859 4298 asserere.
1910 4235 1997 4301 unde

353 4339 474 4422 gratias
497 4351 634 4426 agentes
657 4341 758 4427 ipsius
782 4344 925 4408 caritatis
948 4344 1087 4419 auctori,
1117 4343 1172 4428 qui
1199 4363 1272 4407 earn
1300 4342 1332 4405 in
1361 4341 1514 4406 cordibus
1541 4337 1660 4403 nostris
1693 4343 1743 4401 est
1765 4335 1921 4421 dignatus
1945 4340 1995 4403 in-

353 4462 479 4522 serere,
508 4465 651 4525 oremus,
683 4454 718 4509 ut
747 4446 958 4532 praecipuum
988 4467 1066 4511 suae
1094 4446 1255 4531 largitatis
1283 4466 1401 4509 munus
1431 4446 1464 4509 in
1491 4443 1583 4509 nobis
1611 4439 1774 4505 custodire
1803 4460 1937 4528 semper
1962 4450 1997 4508 et

351 4545 469 4629 iugiter
491 4545 642 4633 dignetur
671 4570 806 4635 augere,
834 4552 910 4635 quia
936 4551 1028 4614 iuxta
1056 4550 1238 4635 apostolum
1261 4550 1399 4613 Paulum
1430 4548 1501 4634 ipsa
1529 4554 1580 4611 est
1607 4543 1801 4610 eminentior
1829 4543 1883 4620 via
1909 4566 1994 4630 quaa

301 4653 319 4710 5
352 4647 440 4712 ducit
469 4649 510 4713 ad
537 4652 646 4718 vitam.
695 4651 782 4737 quod
809 4659 974 4739 superest,
1008 4654 1193 4740 specialiter
1222 4674 1359 4739 quaeso,
1394 4660 1431 4716 ut
1458 4649 1619 4716 communi
1648 4653 1782 4734 patrono
1810 4668 1870 4732 pro
1899 4649 1995 4714 nobis
2021 4664 2044 4703 ³⁵

353 4752 470 4818 cotidie
501 4755 703 4840 supplicetis,
733 4757 821 4842 quia,
855 4759 940 4822 sieut
973 4758 1096 4842 legitis,
1129 4756 1292 4821 multum
1320 4756 1426 4819 valet
1457 4753 1582 4817 oratio
1613 4750 1718 4815 iusti
1750 4748 1910 4814 assidua
1947 4758 1994 4833 et,

352 4857 526 4942 sicutipse
550 4856 699 4923 dominus
722 4868 834 4926 noster
856 4862 888 4925 in
911 4862 1079 4948 evangelio
1102 4860 1180 4924 dicit
1202 4859 1243 4925 de
1267 4860 1324 4925 illo
1348 4859 1402 4946 qui
1425 4865 1491 4923 tres
1514 4878 1617 4944 panes
1633 4856 1673 4920 ab
1691 4855 1794 4919 amico
1810 4875 1869 4918 suo
1886 4856 1994 4920 noctis

452 5132 486 5185 26
504 5131 549 5186 Es.
568 5132 664 5198 XLIII,
681 5135 724 5188 25.
742 5136 784 5188 26.
871 5135 905 5188 34
924 5134 1017 5189 LCor.
1035 5135 1096 5201 XII,
1112 5136 1155 5190 30.
1241 5136 1275 5190 36
1293 5133 1384 5187 Iacob.
1399 5132 1431 5197 V,
1451 5133 1491 5186 16.
1575 5131 1608 5185 37
1627 5130 1692 5185 Luc.
1710 5128 1757 5193 XI,
1775 5131 1800 5184 6.

452 5287 547 5356 ἳοηςο
568 5291 591 5339 tt
701 5292 717 5343 3
735 5292 816 5356 filios,
838 5308 892 5342 ras.
910 5309 922 5343 s
943 5293 966 5341 G
1077 5291 1095 5344 4
1112 5294 1223 5345 incidere
1245 5295 1267 5344 (i
1378 5290 1402 5341 5.
1421 5291 1445 5343 6.
1464 5289 1479 5342 7
1497 5292 1580 5342 saluto
1599 5317 1630 5325 —
1649 5307 1694 5357 pro
1713 5317 1745 5324 —
1763 5295 1938 5355 opportunum
1957 5317 1992 5328 -

351 5372 420 5440 nale]
438 5375 507 5426 alvum
524 5385 546 5426 et
563 5394 592 5427 ro
609 5388 632 5429 et
649 5397 693 5430 um
704 5387 728 5430 et
739 5380 771 5441 lc,
789 5379 880 5428 clrarta
893 5379 973 5443 laesa,
985 5380 1156 5444 perterritus}
1251 5380 1285 5432 lt)
1302 5381 1436 5432 uastitatem
1451 5378 1473 5427 G
1525 5378 1604 5428 alium
1620 5377 1642 5425 (l
1740 5374 1768 5424 ll
1788 5375 1991 5443 rraeasaitudiuel

352 5460 477 5524 curratur,
495 5465 643 5515 necessitato
658 5465 689 5527 0,
706 5465 740 5530 cs.
758 5465 834 5529 infra
848 5463 889 5526 ΙΙ,
901 5469 935 5515 47
1044 5465 1076 5517 13
1094 5469 1268 5535 praetermisso
1288 5468 1311 5517 (l
1414 5463 1446 5515 16
1465 5467 1581 5530 fugatum
1597 5462 1620 5511 (Ι
1725 5459 1756 5511 19
1774 5461 1853 5527 lougu
1871 5463 1951 5526 periit
1964 5464 1997 5527 G,

350 5548 384 5612 rs.
404 5545 477 5611 infre
493 5565 520 5611 p.
537 5552 593 5611 3:55,
610 5552 627 5601 t.
641 5554 659 5601 3
753 5550 785 5601 21
805 5549 924 5618 ruricius]
944 5570 988 5604 rur
1003 5555 1080 5619 periit
1094 5556 1117 5603 U
1168 5556 1295 5606 eracliano
1311 5553 1334 5603 d
1425 5549 1460 5600 2⁴2
1477 5546 1532 5615 qui]
1552 5568 1568 5614 q
1582 5547 1697 5614 perillo
1788 5543 1823 5595 ‘25
1841 5547 1995 5619 impumfil

349 5632 451 5697 scripsi,
473 5633 629 5698 inputacioni
643 5636 667 5684 u
735 5636 840 5687 aditur?
855 5635 893 5686 0¹
1012 5638 1048 5691 30
1064 5646 1188 5705 qrrautunr
1203 5643 1226 5689 (ι’
1294 5639 1426 5689 interiores
1446 5636 1469 5687 u
