4462 6216
846 333 1322 414 ttauunvrar-rxea

1035 638 1129 706 VIII.

416 795 595 865 DOMINO
619 793 795 862 SANOTO
819 797 877 863 ET
900 795 1182 863 APOS'POLIOO
1206 796 1265 862 Ae
1288 796 1394 862 MIHI
1417 796 1535 862 Puau
1559 795 1750 863 CETERIS
1960 797 1994 870 G

286 902 334 967 IN
358 900 555 966 CHRISTO
577 899 756 966 DOMINO
780 899 930 964 CULTU
953 899 1254 975 AFFEO'I'UOUE
1278 899 1581 965 PECULIARIUS
1604 900 1879 968 EXOOLENDO

491 1002 703 1068 PATRONO
726 1002 784 1066 ΕΤ
806 1003 954 1067 PAPAE
978 1003 1148 1069 AEONIO
1172 1002 1388 1068 RURIOIUS
1412 1003 1669 1072 EPISOOPUS.

220 1160 231 1196 ⁵
363 1120 591 1230 Quouruusouu
614 1153 810 1237 quicumque
835 1158 965 1216 sanctos
989 1158 1046 1215 aut
1076 1153 1273 1237 apostolicos
1295 1154 1392 1232 siros,
1423 1174 1501 1238 quos
1527 1153 1768 1217 misericordiae
1794 1174 1905 1240 opera,
1940 1155 1953 1214 l

261 1278 393 1342 operum
422 1257 553 1334 merita,
584 1257 773 1320 meritorum
796 1257 865 1320 vita
894 1255 1099 1319 commendat
1130 1261 1227 1340 atque
1250 1257 1392 1320 omnium
1416 1259 1570 1320 virtutum
1595 1257 1682 1321 lama
1703 1256 1905 1328 disseminat,

260 1380 489 1425 aerumnarum
512 1361 598 1424 mole
622 1359 769 1445 depressi
790 1366 949 1443 eoguntur
963 1366 1133 1444 expetere,
1157 1359 1234 1422 durn
1249 1360 1432 1424 litterarum
1448 1360 1606 1424 solacium
1624 1365 1786 1445 quaerunt
1801 1358 1907 1423 labori

260 1486 330 1543 suo,
354 1463 550 1528 beneficium
575 1463 746 1528 conferunt
768 1462 930 1528 desiderio
954 1471 1075 1530 nostro.
1121 1469 1250 1528 etcum
1274 1465 1316 1529 sit
1338 1465 1469 1528 illorum
1491 1464 1584 1528 labor
1605 1472 1719 1528 noster
1741 1463 1842 1545 dolor,
1870 1463 1907 1526 fit
1938 1464 1957 1524 2

260 1577 371 1633 tamen
394 1589 454 1653 per
476 1567 573 1631 oflicii
596 1567 804 1632 collationem
827 1588 940 1631 eorum
963 1569 1145 1632 necessitas
1169 1567 1309 1653 quodam
1328 1567 1424 1631 modo
1449 1569 1565 1631 caritas
1588 1574 1714 1648 nostra,
1733 1589 1806 1652 qua,
1829 1566 1906 1630 dum

208 1689 233 1726 ¹⁰
261 1675 403 1759 ipsorum
431 1670 672 1755 adquiescimus
700 1672 862 1757 petitioni,
892 1679 1022 1736 nostrae
1053 1672 1273 1737 satisfacimus
1301 1673 1475 1746 uoluntati,
1506 1679 1539 1736 et
1561 1673 1607 1736 ita
1629 1672 1678 1748 fit,
1708 1676 1745 1734 ut
1775 1677 1906 1755 egestas

260 1777 404 1863 petentis
428 1776 471 1838 sit
494 1775 665 1858 largientis
688 1776 824 1840 utilitas.
863 1776 955 1840 fratri
975 1777 1084 1861 itaque
1105 1781 1138 1840 et
1155 1776 1420 1861 compresbytero
1435 1782 1547 1839 nostro
1564 1775 1749 1840 Possessori
1766 1775 1906 1853 nomine,
1939 1774 1958 1835 3

261 1880 347 1964 quod
370 1880 463 1966 peius
487 1885 547 1953 est,
570 1879 678 1965 potius
702 1900 798 1964 quam
821 1880 989 1959 facultate,
1012 1879 1104 1964 (quia
1125 1878 1211 1963 quod
1234 1879 1350 1944 habuit
1372 1901 1431 1965 pro
1456 1880 1563 1943 fratris
1586 1879 1809 1965 redemptione
1832 1897 1907 1962 pro-

261 1984 358 2061 ludit,
387 1984 493 2047 lactus
523 1989 574 2046 est
602 2004 777 2069 possessor
803 1983 962 2069 paradisi,
993 1984 1070 2048 dum
1093 1983 1301 2068 proprietatis
1326 1984 1449 2048 saeculi
1473 1983 1592 2047 desinit
1615 2003 1688 2048 esse
1710 1979 1907 2068 possessor),

260 2088 300 2152 ad
320 2087 539 2172 apostolatum
555 2094 698 2151 vestrum
722 2087 1009 2151 commendaticias
1026 2087 1205 2173 postulanti
1226 2086 1369 2151 libenter
1393 2086 1523 2151 indulsi.
1562 2087 1653 2150 cuius
1676 2086 1908 2151 necessitatem
1940 2087 1959 2146 4

211 2207 235 2245 1⁵
264 2193 290 2255 si
314 2191 466 2275 dignatur
488 2191 618 2276 plenius
641 2192 796 2255 sanctitas
813 2198 923 2255 vestra
946 2211 1159 2275 cognoscere,
1183 2191 1369 2275 epistulam,
1393 2211 1489 2276 quam
1512 2189 1555 2253 ad
1570 2189 1785 2253 humilitatem
1802 2208 1907 2251 meam

261 2294 362 2358 frater
389 2300 502 2358 noster
525 2293 699 2358 Eumerius
730 2295 903 2379 episeopus
933 2315 994 2379 per
1023 2295 1128 2379 ipsum
1156 2293 1293 2375 direxit,
1324 2296 1406 2357 tanti
1435 2294 1557 2358 habeat
1586 2313 1758 2358 recensere
1787 2298 1821 2357 et
1843 2291 1909 2355 illic

260 2405 430 2483 agnoscet,
463 2398 604 2482 qualiter
633 2398 696 2483 ipsi
725 2397 845 2461 debeat
874 2404 908 2460 et
936 2417 995 2482 pro
1024 2396 1259 2460 consuetudine
1289 2397 1462 2460 consulere
1489 2403 1522 2461 et
1550 2418 1608 2483 pro
1639 2397 1773 2461 caritate
1796 2400 1910 2459 mutua

261 2502 444 2568 condolere.
490 2503 544 2586 qui
569 2510 603 2564 ut
626 2502 760 2565 fratrem
783 2501 824 2564 ab
857 2501 1004 2564 hostibus
1032 2500 1184 2565 redderet
1216 2501 1370 2576 liberum,
1403 2523 1440 2565 se
1469 2501 1665 2565 creditorum
1694 2501 1808 2565 maluit
1835 2520 1909 2563 esse
1941 2503 1960 2561 5

262 2607 426 2692 captivum
450 2613 497 2685 et,
525 2613 561 2669 ut
584 2605 639 2669 ille
664 2605 890 2670 crudelissima
912 2612 1016 2669 morte
1046 2625 1111 2668 non
1140 2606 1323 2690 privaretur
1345 2606 1427 2684 vita,
1456 2606 1526 2689 ipse
1553 2605 1693 2668 extorris
1723 2611 1775 2667 est
1804 2603 1909 2667 factus

208 2724 234 2815 {⁰
264 2711 411 2795 epatria
415 2745 1909 2774 ............................................

365 3294 488 3389 Sauum
516 3325 657 3410 apostoli
685 3324 781 3389 Pauli
808 3325 1005 3391 sententiam
1036 3330 1248 3405 contuentes,
1279 3346 1344 3410 qua
1370 3324 1528 3389 Romanis
1557 3325 1703 3390 scribens
1732 3325 1791 3389 ait:
1819 3325 1911 3389 nolo
1946 3330 1959 3389 1

261 3450 327 3493 vos
350 3429 551 3513 ignorare,
581 3428 746 3511 fratres,
777 3430 870 3514 quia
898 3451 1018 3516 saepe
1042 3430 1230 3515 proposui
1252 3429 1392 3493 venire
1415 3428 1462 3492 ad
1485 3450 1565 3510 vos,
1597 3427 1664 3491 sed
1686 3427 1911 3513 prohibitus

209 3547 234 3585 ²⁵
261 3553 346 3595 sum
370 3553 497 3616 usque
520 3531 666 3613 adhuc,
691 3539 724 3597 et
748 3554 806 3596 nos
830 3532 950 3615 dicere,
973 3532 1096 3618 pudore
1114 3533 1301 3618 instigante,
1325 3531 1564 3619 compellimur:
1589 3532 1735 3596 crebrius
1752 3531 1910 3596 voluimus

262 3637 302 3701 ad
326 3636 577 3701 sincerissimam
601 3637 758 3722 pietatem
784 3644 927 3702 vestram
949 3637 1071 3723 scripta
1093 3637 1251 3721 dirigere,
1283 3635 1343 3700 sed
1365 3636 1521 3721 prohibiti
1545 3657 1658 3699 surnus
1681 3656 1786 3720 usque
1817 3655 1913 3714 nunc,

261 3740 455 3827 prohibente
485 3740 636 3804 nimirum
668 3742 723 3805 illo
756 3742 811 3827 qui
846 3742 953 3807 bonae
984 3742 1142 3806 voluntati
1182 3741 1352 3805 consuevit
1387 3760 1516 3825 semper
1551 3739 1726 3819 obsistere,
1761 3738 1911 3803 invidens

261 3846 386 3910 scilicet
407 3845 568 3930 profectui
591 3853 701 3910 nostro
726 3853 760 3911 et
784 3846 916 3910 affectui
931 3852 1053 3925 vestro,
1077 3845 1210 3909 affectui
1232 3851 1343 3909 nostro
1364 3851 1397 3908 et
1415 3843 1576 3930 profectui
1591 3849 1711 3909 vestro.
1749 3842 1911 3930 profectui
1944 3843 1964 3904 2

262 3956 373 4013 nostro
402 3955 436 4013 et
464 3949 596 4014 affectui
617 3956 744 4030 restro,
775 3950 850 4035 quia
880 3949 1027 4013 doctrina
1056 3954 1167 4013 vestra
1195 3947 1334 4014 eruditio
1362 3953 1474 4012 nostra
1502 3954 1552 4012 est
1575 3953 1609 4011 et
1639 3947 1781 4032 epistula
1803 3953 1913 4011 nostra

210 4067 236 4104 ³0
262 4052 393 4115 collatio
416 4051 571 4117 desiderii
594 4055 696 4118 vestri
723 4061 789 4128 est;
814 4059 847 4117 et
869 4074 981 4116 rursus
1004 4051 1167 4138 profectui
1191 4058 1299 4116 vestro
1324 4057 1356 4115 et
1380 4051 1513 4115 affectui
1536 4057 1658 4131 nostro,
1683 4051 1759 4136 quia
1775 4048 1912 4114 eruditio

262 4162 374 4219 nostra
398 4178 524 4220 merces
547 4164 658 4221 vestra
682 4165 733 4222 est
757 4165 791 4223 et
815 4178 914 4243 opera
929 4163 962 4220 et
977 4156 1106 4221 collatio
1122 4154 1275 4220 desiderii
1291 4155 1392 4219 vestri
1405 4154 1507 4219 nostri
1524 4160 1575 4218 ast
1592 4154 1751 4218 sermonis
1766 4155 1914 4219 allectus.

263 4260 308 4322 ita
330 4260 417 4322 enim
441 4260 554 4344 paucis
577 4260 703 4340 diebus,
728 4280 810 4345 quos
833 4260 912 4324 mihi
936 4281 1013 4325 vere
1037 4265 1070 4324 at
1092 4279 1215 4345 paucos
1240 4265 1273 4322 et
1296 4257 1509 4322 brevissimos
1535 4264 1642 4321 vester
1664 4257 1743 4322 fecit
1765 4257 1913 4331 affectus,
1945 4260 1964 4321 3

264 4363 340 4426 dum
366 4363 640 4448 contemplatione
656 4371 766 4427 uestra
788 4384 855 4427 non
878 4363 982 4428 solum
1005 4363 1116 4426 satiari
1134 4369 1247 4426 noster
1262 4361 1382 4445 nequit,
1407 4382 1519 4425 vorum
1536 4360 1634 4425 etiam
1650 4359 1791 4424 videndo
1807 4361 1912 4445 magis

263 4465 448 4530 exardescit
481 4467 633 4546 intuitus,
671 4489 744 4531 cum
773 4489 829 4531 vos
861 4473 894 4531 et
929 4465 1192 4530 desideraremus
1229 4472 1421 4550 praesentes
1450 4470 1484 4529 et
1515 4463 1620 4528 adhuc
1651 4485 1760 4527 eoram
1791 4465 1913 4550 positos

216 4583 241 4621 ³⁵
269 4591 511 4654 quaereremus,
535 4592 650 4635 sensus
674 4577 804 4635 nostros
827 4571 917 4635 fonte
940 4567 1115 4655 purissimo
1139 4567 1272 4652 benigni
1295 4568 1438 4653 pectoris
1462 4568 1633 4652 irrigastis,
1660 4575 1706 4649 ut,
1735 4567 1915 4652 quamlibet

363 4827 398 4880 23
415 4827 493 4882 Rom.
513 4827 534 4892 l,
554 4828 595 4881 13.

364 4965 382 5018 4
404 4966 505 5035 aeonio]
525 4969 630 5035 scripu,
656 4967 768 5019 aenioG
872 4966 889 5019 5
913 4966 1133 5036 quotiensque]G
1237 4965 1268 5018 11
1293 4965 1336 5034 sit]
1354 4967 1430 5020 astG
1535 4964 1567 5018 12
1584 4966 1713 5019 fratrasO
1781 4963 1914 5034 proluitG

265 5050 298 5105 13
313 5055 501 5121 propietatesO
596 5052 629 5106 16
645 5051 707 5119 illic]
720 5053 752 5116 O,
768 5054 837 5104 illico
849 5052 971 5120 Bamcpe
1069 5053 1101 5105 17
1121 5054 1273 5121 agnoscito
1368 5053 1401 5105 19
1416 5053 1622 5106 crudelissimG
1715 5050 1750 5104 20
1761 5054 1916 5120 postpatria

264 5142 375 5206 spatium
393 5140 462 5206 quod
478 5149 558 5192 restat
573 5157 660 5192 emmas
673 5148 760 5202 vacat·
777 5139 846 5205 prod
857 5140 969 5204 sepultus*
975 5141 1155 5206 fragmentum
1166 5140 1236 5191 aliua
1248 5140 1372 5206 epistulae
1384 5157 1437 5192 ease
1443 5140 1554 5206 patetG
1638 5138 1673 5190 23
1684 5146 1835 5191 contuentes
1847 5157 1914 5190 corr.
2028 5136 2031 5141 ’

262 5229 446 5278 constituentes
461 5228 499 5277 6¹
604 5226 676 5278 251'1
697 5227 720 5277 0
789 5227 903 5278 crebrius
917 5252 949 5263 —
968 5223 1002 5277 27
1021 5223 1153 5292 obsistere]
1172 5227 1281 5292 epistula
1299 5244 1365 5293 quae
1382 5227 1476 5277 dieitur
1494 5225 1582 5278 Seueri
1599 5226 1631 5277 de
1648 5227 1737 5277 ultimo
1753 5227 1848 5277 iudicio
1866 5230 1915 5276 e.1

264 5311 313 5378 (ed.
327 5312 410 5363 Halm
423 5330 453 5380 p.
466 5312 537 5376 219):
561 5320 684 5382 persaepe
701 5314 733 5365 ad
750 5330 797 5365 vos
815 5315 903 5365 venire
921 5313 1000 5378 volui,
1022 5315 1067 5365 sed
1084 5331 1167 5380 usque
1184 5316 1268 5366 adhuc
1285 5315 1423 5382 impeditus
1441 5331 1506 5379 auur,
1529 5314 1668 5366 obsistente
1685 5331 1716 5365 ao
1734 5314 1778 5380 qui
1796 5315 1917 5365 convenit

261 5400 397 5464 obsistere,
423 5399 557 5450 Ruricium
574 5418 648 5451 usum
667 5417 719 5451 ease
738 5399 876 5462 Bubasius,
900 5398 1069 5450 Miscellaaea
1088 5398 1117 5464 1,
1139 5400 1232 5466 Praes.
1250 5401 1345 5452 canuit
1423 5400 1588 5452 uolumusO
1698 5397 1733 5450 26
1754 5400 1872 5466 dirigar&
1893 5399 1916 5449 0

262 5483 299 5535 30
316 5486 426 5537 conlatio
443 5486 473 5549 O,
491 5487 631 5538 consolatio
644 5486 766 5553 Bamaqe
873 5482 906 5535 31
925 5485 1055 5536 mercisG
1124 5503 1201 5554 opera
1217 5484 1253 5552 et]
1266 5488 1417 5552 Mommsen,
1433 5495 1547 5554 tempora
1561 5486 1592 5549 (1¹,
1609 5503 1709 5552 semper
1719 5485 1784 5537 coru.
1799 5485 1917 5536 Uetusius

263 5569 355 5637 nostri]
373 5572 473 5637 scripsi,
491 5574 609 5624 uestriG
714 5569 748 5622 34
765 5568 860 5636 adhuc]
878 5571 978 5637 scripsi,
994 5570 1028 5622 ad
1046 5571 1133 5622 hoco
1202 5589 1290 5624 euram
1310 5574 1442 5641 positusdl
1545 5571 1580 5624 35
1598 5589 1690 5624 sensus
1708 5598 1739 5606 -
1756 5588 1782 5636 p.
1796 5572 1852 5634 318,
1870 5571 1917 5620 tlt

261 5654 417 5725 possideam]
436 5657 557 5709 Ruricius
574 5676 605 5710 eu
622 5676 660 5724 ep.
679 5657 801 5709 Victorini
818 5675 860 5709 ur.
876 5655 940 5721 VII,
957 5674 1040 5723 sum
1052 5675 1082 5724 p.
1098 5661 1153 5723 271,
1171 5659 1189 5710 l.
1203 5662 1237 5710 24
1256 5660 1341 5711 deurit
