4462 6216
296 303 357 365 tos

460 473 650 540 SIDONII
672 474 937 543 GARMINUM

294 575 404 631 xvle:
423 576 471 645 qui
491 577 555 644 (soil.
575 576 702 645 spiritus)
721 581 835 646 pectora
853 578 960 647 [incuss

423 661 536 716 intrasti
547 662 660 728 Mariae,
670 664 782 734 ntpiens
792 682 855 719 cum
865 668 1002 734 tympana
1011 682 1031 719 a
1042 682 1065 733 q.
1075 683 1095 719 s.

292 1023 464 1091 XVIIqu.:
483 1024 594 1092 nilsiens
613 1041 676 1077 eum
695 1026 831 1093 tympana
848 1024 936 1078 siccus

481 1110 565 1163 Israel
584 1109 701 1180 appensi
715 1109 758 1176 (cf.
771 1125 792 1163 c.
805 1109 898 1176 vell)
912 1126 962 1179 per
974 1129 1095 1166 concissa

550 1196 672 1265 gurgitis
690 1196 745 1249 iret

475 1282 626 1350 aggeribus
635 1282 757 1335 vallatus
769 1299 859 1351 saluae
871 1284 1031 1354 mediasque
1046 1304 1095 1355 per

550 1367 639 1421 unctas

475 1454 672 1522 pulverulenta
679 1455 757 1508 tuum
765 1455 898 1510 clamaret
906 1456 989 1510 turba
996 1456 1093 1510 triurn-

552 1540 646 1608 phum.

436 1625 469 1688 cs.
481 1625 552 1680 Acis.
566 1625 591 1677 V
600 1625 651 1679 592
661 1640 712 1692 sqq.

291 1999 353 2053 XVI
369 2004 395 2054 ll
407 2018 464 2069 sp:
484 2001 589 2071 quique
608 2020 722 2055 uranum
740 2001 835 2055 Iudith
854 2003 1000 2056 ferientem
1020 2004 1092 2057 colla

552 2087 691 2141 Olofernis

483 2174 593 2238 insisti,
620 2174 712 2229 exciso
738 2174 827 2228 iacuit
852 2190 915 2228 cum
942 2178 1057 2243 gutture

556 2264 670 2314 truncus
689 2278 709 2315 e.
722 2278 745 2329 q.
759 2278 779 2315 s.

288 2362 353 2416 XVI
367 2364 479 2431 Ilugo:
500 2379 628 2431 expresso
648 2364 691 2416 vel
711 2363 759 2432 qui
778 2365 920 2434 complens
939 2364 1090 2420 devellere

568 2450 677 2517 pelvem

499 2533 679 2602 inficiensque
701 2535 802 2590 dehinc
818 2554 875 2591 non
893 2539 969 2592 tacto
989 2538 1089 2593 vellere

568 2623 670 2675 terram

501 2707 616 2761 finuasti
628 2708 767 2772 Gedeona,
779 2707 853 2762 tubis
866 2709 969 2762 inserte
979 2709 1088 2763 canoris

499 2792 615 2861 spiritus
633 2796 674 2860 (et
690 2793 748 2848 solo
763 2793 840 2848 venit
852 2794 969 2849 victoria
982 2796 1087 2863 cantu).

287 3150 349 3203 XVI
364 3153 477 3220 respa:
496 3153 601 3223 quique
634 3154 720 3208 etiam
755 3154 934 3223 adsumptum
960 3153 1086 3224 pecorosi

561 3240 604 3305 (cf.
623 3241 649 3295 ΙΙ
662 3241 734 3308 alb)
753 3240 787 3293 de
805 3256 890 3309 grege
910 3241 981 3295 Iesse

491 3325 595 3378 afflasti
613 3342 720 3394 regom,
745 3326 870 3395 plaustro
886 3344 949 3381 cum
967 3326 1086 3381 thederis

563 3428 656 3465 arcam

492 3495 636 3565 imponens
658 3513 747 3565 aas.
775 3496 920 3564 (Sidonias
947 3498 1018 3553 daos
1043 3515 1086 3553 res

560 3583 718 3637 ceramicos-it
739 3585 876 3638 ricemeriue
895 3600 982 3639 orere
1000 3584 1085 3653 imple

562 3670 658 3732 detta).

284 3747 349 3801 XVI
362 3751 476 3817 ¹9⁸t‘l·²
495 3751 620 3820 plaustro
638 3771 700 3807 cunr
718 3755 837 3809 foederis
855 3773 947 3809 arcam

492 3837 637 3907 imponens
655 3839 743 3894 hostis
762 3841 839 3896 nullo
856 3842 1018 3897 moderante
1035 3842 1086 3897 bu·

560 3923 643 3979 bulco

490 4009 620 4078 proderet
644 4010 810 4065 obscaenum
835 4014 961 4083 turgenti
986 4016 1085 4084 podice

560 4096 694 4152 morbum.

1003 302 1085 357 LOCI
1104 302 1245 356 SIMIhES

1149 573 1239 628 aaut.
1258 574 1420 643 XV‘IOsq.:
1437 574 1558 645 sumpsit
1574 592 1641 645 ergo
1660 574 1752 632 hlaria
1766 570 1960 649 prophetissa,

1182 677 1259 715 soror
1276 661 1378 726 Aaron,
1396 662 1562 730 tympanum
1582 660 1611 715 in
1629 679 1713 717 mauu
1733 682 1794 727 sna,
1813 681 1960 734 egressae·

1182 763 1236 815 que
1261 750 1327 801 sunt
1351 763 1446 801 ornnes
1471 747 1601 802 mulieres
1625 751 1690 817 post
1715 766 1778 805 eam
1797 766 1864 804 cum
1883 753 1960 817 tyru-

1182 833 1263 901 panis
1279 836 1309 887 et
1321 832 1419 897 eboris,
1438 833 1540 903 quibus
1552 834 1734 903 praecinebat
1745 835 1844 891 dicens
1857 854 1864 888 :
1884 835 1959 890 Can-

1181 921 1272 973 temus
1290 919 1403 973 domino
1422 936 1443 974 e.
1455 937 1480 988 q.
1492 906 1514 973 a

1147 1022 1231 1077 Prcd
1246 1023 1336 1092 psych.
1347 1023 1479 1091 todeca:
1498 1038 1553 1077 non
1572 1023 1657 1079 aliter
1674 1023 1779 1079 eecinIt
1791 1026 1958 1093 respectans

1181 1108 1272 1162 victor
1294 1109 1421 1163 hiantem
1446 1108 1532 1162 Israel
1554 1109 1660 1163 rabiem
1683 1110 1763 1179 ponti
1789 1112 1855 1179 post
1874 1112 1958 1177 terga

1181 1194 1310 1257 minacis,
1338 1212 1400 1248 cnm
1429 1195 1485 1248 iam
1512 1194 1694 1264 progrediens
1720 1195 1845 1250 calcaret
1869 1195 1958 1250 litora

1182 1280 1254 1334 sicco
1272 1281 1406 1335 ulteriora
1425 1281 1496 1351 pede
1508 1280 1684 1351 stridensque
1702 1298 1753 1351 per
1771 1281 1880 1335 extima
1899 1282 1957 1336 cal·

1182 1365 1221 1421 cis
1247 1384 1325 1420 mons
1347 1371 1441 1422 rueret
1465 1366 1615 1437 pendentis
1638 1384 1728 1437 aquae
1842 1368 1957 1437 relapso

1181 1453 1294 1522 gurgite
1396 1471 1429 1508 ac
1532 1452 1608 1507 unda
1704 1453 1795 1508 nudas
1818 1470 1957 1524 praeceps

1181 1538 1304 1607 operiret
1331 1539 1460 1594 harenas.
1501 1538 1630 1593 Pulsavit
1652 1556 1751 1595 resono
1774 1539 1958 1595 modulantia

1181 1626 1317 1692 tympana
1335 1624 1442 1692 plectro
1466 1624 1549 1679 turba
1571 1624 1617 1678 dei
1635 1624 1779 1679 celebrans
1797 1625 1904 1679 mirum
1923 1642 1958 1680 ac

1180 1709 1359 1763 memorabile
1377 1710 1475 1765 saeclis
1493 1710 1694 1780 omnipotentis
1717 1728 1803 1782 opus,
1828 1711 1957 1782 liquidas

1180 1794 1254 1849 inter
1272 1795 1344 1849 freta
1361 1796 1437 1866 ripas
1456 1813 1477 1851 a
1491 1814 1514 1865 q.
1527 1813 1548 1851 s.

1180 1898 1270 1952 Exod.
1285 1898 1349 1952 XIV
1359 1900 1392 1953 21
1401 1915 1456 1967 sqq.
1475 1899 1526 1953 XV
1537 1902 1551 1954 1
1561 1915 1615 1969 sqq.

1145 2000 1246 2054 Iudith.
1266 2002 1332 2055 XIII
1343 2004 1394 2057 10:
1415 2002 1552 2071 percussit
1570 2002 1687 2070 (Iudith)
1707 2002 1750 2056 bis
1768 2002 1798 2056 in
1812 2002 1954 2057 cervicem

1178 2086 1237 2140 eius
1256 2088 1321 2155 (seit.
1333 2088 1504 2157 Holofernis)
1523 2091 1551 2141 et
1569 2087 1690 2142 abscidit
1707 2091 1795 2158 caput
1813 2088 1875 2143 eius

1179 2176 1208 2226 et
1226 2173 1331 2227 evolvit
1349 2191 1448 2243 corpus
1468 2173 1527 2227 eius
1547 2176 1685 2229 truncum.

1144 2361 1230 2416 Ischo.
1246 2363 1284 2416 VI
1293 2363 1389 2431 36sqq.
1409 2383 1415 2417 :
1439 2363 1567 2432 dixItque
1594 2363 1706 2419 Gedeon
1731 2363 1768 2417 ad
1796 2362 1881 2417 deum

1178 2464 1280 2516 ponam
1304 2448 1357 2502 hoe
1375 2449 1464 2504 vellus
1483 2449 1565 2503 lanae
1587 2450 1616 2503 in
1634 2466 1699 2504 area
1716 2471 1789 2515 ....;
1812 2448 1837 2503 si
1856 2466 1903 2504 ros
1922 2450 1953 2504 in

1176 2533 1235 2587 solo
1253 2533 1356 2589 vellere
1368 2534 1454 2590 fuerit
1471 2537 1501 2589 et
1519 2535 1549 2589 in
1567 2534 1642 2590 omni
1660 2537 1735 2589 terra
1746 2534 1861 2590 siceItas
1879 2577 1953 2590 .....

1176 2619 1213 2673 Et
1240 2619 1275 2673 dc
1298 2624 1381 2675 noete
1404 2638 1575 2691 consurgens
1599 2638 1727 2691 expresso
1752 2621 1858 2675 vellere
1885 2639 1953 2676 con·

1178 2706 1258 2759 cham
1278 2724 1338 2761 rore
1351 2707 1488 2777 implevit.
1524 2707 1658 2776 Dixitque
1676 2724 1770 2761 rursus
1788 2706 1825 2761 ad
1844 2706 1929 2761 deum
1945 2745 1952 2778 :

1254 2793 1308 2847 (lro
1333 2796 1365 2847 ut
1388 2794 1477 2847 solum
1502 2794 1591 2848 vellus
1614 2794 1716 2848 siceum
1740 2793 1779 2847 sit
1803 2796 1833 2847 et
1856 2793 1949 2848 omnis

1174 2882 1250 2932 terra
1276 2896 1337 2934 rore
1360 2879 1475 2933 madens
1498 2896 1587 2947 aas.
1624 2880 1746 2934 Vnae:
1771 2878 1946 2933 insistebant

1174 2964 1292 3019 trecenti
1320 2965 1372 3019 viri
1401 2965 1510 3020 bucinis
1534 2968 1724 3035 personantes.
1766 2965 1946 3034 immisitque

1174 3050 1302 3106 dominus
1319 3051 1446 3121 gladium
1464 3050 1494 3104 in
1512 3050 1641 3106 omuibus
1659 3049 1756 3105 castris
1774 3067 1794 3105 a
1807 3068 1831 3119 q.
1845 3067 1866 3105 s.

1141 3152 1206 3221 Περ.
1224 3154 1378 3222 116‚3sp‹1.
1403 3175 1409 3208 :
1437 3154 1630 3224 imposucmnt
1658 3171 1751 3209 arcam
1779 3154 1825 3209 dei
1858 3172 1946 3225 super

1172 3240 1329 3309 plaustrum
1352 3256 1456 3294 novum
1566 3240 1655 3295 David
1679 3243 1774 3295 autem
1800 3243 1829 3295 et
1851 3242 1944 3296 omnis

1173 3325 1258 3379 Isaiel
1277 3325 1413 3380 ludebant
1431 3343 1522 3380 coram
1541 3326 1653 3382 domino
1670 3342 1691 3381 e.
1702 3345 1726 3396 q.
1738 3344 1759 3381 s.

1140 3759 1202 3826 Itop.
1218 3758 1376 3825 15‚⁶³d·92
1395 3758 1654 3826 computrescebant
1678 3757 1871 3828 prominentes
1894 3776 1942 3812 ex·

1172 3844 1250 3897 tales
1290 3844 1355 3905 16ss
1364 3859 1400 3910 sq.
1422 3843 1524 3910 Ilua:
1548 3847 1577 3897 et
1601 3845 1754 3914 posuerunt
1775 3861 1871 3897 arcam
1894 3844 1941 3899 dci

1171 3946 1255 3999 super
1278 3929 1435 3998 plaustrum
1460 3968 1484 3982 ..
1503 3969 1509 3982 .
1527 3928 1612 3982 Ibant
1634 3931 1728 3983 autem
1752 3928 1942 3985 indirectum

1171 4031 1271 4069 vaccae
1288 4030 1307 4068 e.
1322 4031 1346 4082 q.
1358 4031 1379 4068 a

285 4177 347 4233 XVI
358 4181 391 4232 22
400 4198 473 4249 epp:
492 4182 597 4251 quique
620 4183 706 4237 trium
728 4186 870 4253 quondam
889 4204 1036 4255 puerorum
1055 4189 1084 4242 iu
1136 4186 1244 4240 Daniel.
1262 4186 1366 4241 11124:
1384 4189 1413 4241 et
1430 4186 1616 4241 ambulabant
1638 4187 1669 4241 in
1693 4189 1784 4243 medio
1809 4189 1941 4244 flammae

558 4270 638 4323 lisuee
656 4271 771 4335 sonasti,

489 4372 558 4423 quos
585 4354 616 4408 in
642 4355 776 4410 Chaldaei
802 4358 908 4427 positos
935 4361 1046 4413 fornace

560 4441 674 4509 tyranni

490 4527 597 4581 roseida
624 4529 768 4582 combusto
794 4529 944 4585 madefecit
973 4531 1084 4585 flamma

557 4614 676 4668 eanrino.

454 4702 487 4765 ef.
501 4700 553 4753 VII
564 4702 614 4763 (tl.

283 4783 346 4837 XVI
357 4787 474 4854 supp:
493 4786 598 4854 quique
621 4785 792 4840 volubilibus
817 4789 988 4857 spatiantem
1011 4792 1084 4844 trac-

558 4872 634 4925 tibus
652 4870 709 4924 alvi

487 4957 632 5026 complesti
643 4957 747 5022 Ionam,
760 4960 891 5013 resonant
901 4959 965 5013 dum
978 4959 1084 5014 viscera

558 5043 676 5097 monstri

567 5147 650 5199 quern
673 5170 697 5184 ..
720 5130 828 5184 vomuit
846 5148 978 5201 suspenso
1000 5132 1083 5186 belua

556 5233 656 5269 morsu.

282 5302 330 5354 XV
336 5302 469 5371 1313qu
489 5300 593 5370 quique
622 5300 725 5370 duplex
756 5301 896 5369 quondam
922 5302 1024 5357 venisti
1052 5304 1081 5357 in

557 5392 656 5458 peetus
674 5386 787 5451 Helisei,

488 5474 640 5527 Thesbiten
669 5491 730 5527 enm
757 5473 828 5527 torte
854 5489 948 5526 senem
975 5473 1031 5527 iam

557 5562 700 5614 llammeus
719 5559 779 5612 axis

1171 4271 1319 4326 laudantes
1343 4273 1434 4327 deum.
1475 4275 1509 4328 a.
1522 4274 1625 4342 wau:
1649 4274 1775 4329 incendit
1802 4277 1941 4343 (llasnnia)

1170 4375 1239 4426 quos
1258 4359 1363 4428 reperit
1380 4360 1459 4414 iuxta
1477 4362 1617 4415 l'omacem
1640 4360 1675 4414 dc
1692 4360 1849 4415 Chaldaeis.
1882 4363 1941 4416 An-

1170 4444 1251 4512 gelus
1274 4447 1369 4498 autem
1392 4445 1498 4500 domini
1582 4446 1650 4501 lecit
1672 4446 1795 4501 medium
1817 4448 1942 4503 fornacis

1171 4531 1251 4598 quiesi
1269 4533 1383 4584 ventum
1403 4532 1472 4586 roris
1491 4533 1613 4587 flantem.

1136 4788 1194 4843 Ion.
1214 4790 1286 4842 112:
1305 4788 1396 4842 oravit
1418 4789 1500 4842 Ionas
1526 4790 1562 4842 ud
1580 4789 1723 4844 dominum
1749 4792 1832 4846 deum
1855 4812 1939 4848 suum

1170 4874 1204 4927 de
1224 4878 1319 4929 ventre
1337 4874 1428 4944 piscis.
1458 4875 1491 4928 ib.
1506 4876 1557 4929 ll:
1577 4879 1605 4930 et
1623 4876 1696 4931 dixit
1708 4878 1838 4932 dominus
1858 4880 1939 4948 pisci,

1170 4963 1200 5015 et
1218 4961 1341 5016 evomuit
1359 4962 1456 5015 Ionam
1473 4961 1503 5014 in
1521 4960 1636 5016 aridem.

1136 5302 1201 5371 Rep.
1211 5302 1251 5356 III
1260 5303 1336 5365 aar?
1349 5323 1354 5356 :
1368 5302 1457 5356 Elium
1468 5302 1629 5357 Thesbiten.
1648 5304 1784 5369 1112128.
1804 5304 1843 5358 IV
1854 5307 1905 5367 1‚3.
1914 5310 1940 5361 8.

1169 5389 1206 5442 IV
1217 5390 1278 5448 29:
1298 5388 1426 5457 dixitque
1445 5388 1570 5443 Elisens:
1590 5389 1709 5444 Obsecro
1728 5394 1760 5444 ut
1778 5392 1828 5445 fiat
1846 5391 1877 5446 in
1895 5412 1941 5450 me

1169 5475 1272 5543 duplex
1296 5474 1411 5544 spiritus
1440 5477 1505 5529 tuus
1528 5476 1595 5542 (seit.
1618 5475 1716 5543 Elias).
1752 5477 1786 5530 ib.
1800 5480 1853 5532 11:
1873 5496 1940 5535 ecoe

1169 5578 1265 5615 currus
1277 5561 1375 5631 igneus
1394 5563 1423 5615 et
1435 5561 1500 5629 equi
1518 5560 1595 5630 ignei
1675 5564 1704 5615 ct
1716 5563 1844 5617 aseendit
1861 5565 1940 5620 Elius
