4552 6210
954 367 1090 422 SIDONll
1109 364 1307 419 CARMINUM

673 550 709 607 ut
731 543 865 628 prosim!
892 540 1030 607 suadere
1053 561 1162 605 meum
1186 545 1252 605 ost:
1277 560 1351 603 nam
1375 539 1484 605 Gallia
1506 541 1532 604 si
1556 548 1589 605 te

672 646 876 733 compulerit,
901 665 984 730 quae
1008 645 1078 708 iure
1102 648 1221 729 potest,
1244 641 1301 705 tibi
1326 648 1441 728 pareat
1465 643 1564 719 orbis.¹

671 770 713 814 ne
736 747 883 835 pereat.’'
929 747 1012 814 dixit
1034 747 1221 833 pariterque
1245 748 1277 810 in
1300 747 1402 811 verba
1425 749 1528 833 petita

672 853 729 917 dat
752 858 898 917 sanctam
921 872 994 916 cum
1018 851 1119 915 fratrc
1142 849 1249 914 iidem.
1294 850 1446 932 discedis,
1471 852 1578 931 Avito,

602 974 627 1010 «ι’
672 961 826 1036 maestus,
851 955 906 1041 qui
930 954 1044 1019 Gallos
1067 955 1167 1018 scires
1192 974 1256 1017 non
1279 975 1376 1040 posse
1401 955 1505 1020 latere

672 1059 749 1146 quid
773 1059 898 1145 possint
922 1059 1044 1123 seruire
1069 1056 1173 1123 Getae
1198 1066 1230 1122 te
1253 1058 1410 1145 principe.
1456 1080 1597 1145 namque

674 1162 799 1228 civibus
822 1168 859 1226 ut
883 1162 989 1248 patuit
1011 1159 1147 1245 trepidis
1172 1168 1205 1223 te
1228 1160 1363 1226 foedera
1385 1162 1482 1241 ferre,

672 1273 844 1332 occurrunt
866 1266 992 1330 alacres
1016 1266 1191 1350 ignaroque
1216 1271 1292 1329 ante
1316 1264 1458 1329 tribunal

672 1377 836 1446 sternunt;
860 1377 960 1455 utque
985 1368 1066 1433 satis
1090 1368 1222 1432 sibimet
1244 1389 1417 1433 numerosa
1439 1370 1546 1434 coisse

605 1492 636 1528 ³2·
673 1474 828 1539 nobilitas
851 1474 922 1538 visa
946 1479 1007 1553 est,
1032 1492 1129 1557 quam
1153 1494 1235 1536 saxa
1258 1473 1379 1536 nivalia
1401 1471 1489 1537 Ootti

672 1579 873 1664 despectant,
896 1577 995 1641 variis
1017 1597 1079 1641 nee
1103 1598 1167 1641 non
1191 1599 1288 1662 quam
1312 1577 1460 1663 partibus
1484 1577 1586 1642 ambit

673 1680 833 1766 Tyrrheni
856 1680 1029 1764 Rhenique
1053 1680 1167 1764 liquor,
1191 1681 1243 1744 vel
1268 1681 1365 1766 longa
1387 1681 1529 1766 Pyrenei

674 1805 771 1870 quam
793 1785 870 1869 iuga
893 1785 934 1847 ab
957 1782 1107 1868 Hispano
1131 1784 1293 1848 seclusam
1317 1784 1387 1848 iure
1411 1785 1596 1864 cohercent,

673 1885 862 1972 aggreditur
884 1887 985 1949 nimio
1009 1906 1160 1949 curarum
1184 1885 1329 1971 pondere
1353 1888 1481 1953 tristem

604 2006 621 2041 ··›·
672 1989 818 2075 gaudens
841 1989 936 2053 turba
958 1989 1073 2052 virum.
1119 2009 1290 2074 procerum
1321 1998 1388 2053 tum
1418 1992 1581 2056 maximus
1605 2014 1700 2071 unus,

674 2093 791 2179 dignus
815 2094 871 2178 qui
894 2093 1021 2178 patriae
1045 2113 1218 2177 personam
1246 2103 1399 2174 sumeret,
1426 2095 1510 2158 infit:

673 2202 790 2282 “quam
815 2218 874 2260 nos
897 2218 955 2283 per
980 2196 1085 2260 varios
1109 2194 1230 2260 dudum
1254 2196 1384 2261 fortuna
1406 2198 1536 2264 labores

674 2301 818 2388 principe
843 2301 904 2364 sub
928 2320 1030 2385 puero
1053 2300 1171 2364 laceris
1194 2305 1280 2364 terat
1302 2321 1420 2386 aspera
1445 2302 1554 2377 rebus,

674 2406 740 2469 fors
764 2406 908 2488 longum,
932 2403 1000 2468 dux
1023 2424 1153 2488 magne,
1177 2405 1280 2489 queri,
1305 2424 1377 2468 cum
1394 2406 1515 2492 quippe
1532 2406 1699 2471 dolentum

605 2527 623 2559 ··
675 2509 821 2573 maxima
843 2528 918 2592 pars
942 2508 1054 2587 fueris,
1078 2508 1205 2594 patriae
1229 2507 1306 2571 dum
1330 2509 1466 2574 vulnera
1489 2510 1605 2595 lugens

673 2610 948 2676 sollicitudinibus
971 2610 1223 2675 vehementibus
1247 2613 1437 2697 exagitaris.

676 2715 735 2779 has
758 2714 851 2779 nobis
875 2714 961 2779 inter
984 2714 1095 2779 clades
1119 2736 1157 2779 ac
1179 2716 1298 2781 funera
1320 2717 1432 2782 mundi

674 2840 761 2883 mors
785 2818 907 2883 vixisse
931 2818 1001 2882 fuit.
1046 2817 1103 2884 sed
1127 2818 1203 2883 dum
1227 2840 1286 2906 per
1310 2820 1414 2886 verba
1437 2825 1611 2907 parentum

675 2925 810 3010 ignavas
834 2925 969 2989 colimus
992 2926 1085 3010 leges
1109 2932 1326 3013 sanctumque
1350 2934 1504 3012 putamus

674 3048 743 3091 rem
765 3032 910 3094 veterem
933 3049 993 3114 per
1016 3027 1135 3092 damna
1158 3031 1261 3114 sequi,
1288 3031 1489 3116 portavimus
1512 3030 1659 3095 umbram

675 3131 813 3217 imperii,
836 3131 969 3216 generis
994 3132 1138 3197 contenti
1161 3133 1248 3198 serre
1273 3135 1394 3198 vetusti

678 3240 711 3298 ct
733 3233 814 3298 vitia
837 3255 876 3299 ac
900 3234 1028 3299 solitam
1052 3235 1165 3299 vestiri
1187 3237 1310 3300 murice
1333 3243 1465 3321 gentem

674 3357 765 3401 more
789 3335 893 3421 magis
917 3357 1014 3422 quam
1037 3339 1107 3402 iure
1131 3339 1210 3423 pati.
1253 3341 1497 3425 promptissima
1519 3359 1624 3425 nuper

673 3440 765 3504 fulsit
789 3437 950 3520 condicio,
974 3442 1121 3526 proprias
1145 3462 1209 3526 qua
1232 3442 1342 3507 Gallia
1365 3443 1452 3507 vires

604 3582 608 3593 ·
631 3560 642 3593 τι
675 3551 837 3624 exereret,
860 3542 1020 3629 trepidam
1044 3544 1121 3609 dum
1144 3544 1308 3609 Maximus
1332 3554 1471 3632 occupat
1494 3545 1622 3613 urbem:

675 3648 787 3714 orbem
811 3655 862 3712 sat
885 3648 1001 3734 potuit,
1025 3650 1051 3712 si
1076 3655 1109 3714 te
1134 3649 1197 3713 sibi
1221 3657 1289 3714 tota
1314 3650 1470 3735 magistro

676 3772 778 3836 regna
802 3752 1022 3816 reformasset.
1070 3752 1141 3837 quis
1165 3760 1313 3817 nostrum
1336 3753 1472 3839 Belgica
1495 3774 1580 3829 rura,

676 3856 752 3920 litus
775 3853 968 3935 Aremorici,
994 3853 1128 3920 Geticas
1152 3857 1224 3942 quis
1248 3859 1385 3922 moverit
1408 3857 1483 3935 iras,

674 3980 739 4023 non
764 3958 860 4022 latet:
885 3957 934 4021 his
958 3958 1058 4023 tantis
1082 3958 1143 4023 tibi
1167 3959 1338 4035 cessimus,
1363 3959 1486 4039 inclite,
1511 3958 1617 4023 bellis.

609 4102 626 4113 ··
680 4063 852 4127 nunciam
876 4080 1002 4124 summa
1026 4068 1159 4135 vocant3
1188 4061 1287 4127 dubio
1312 4063 1374 4127 sub
1398 4070 1544 4149 tempore
1569 4084 1704 4148 regnum

674 4189 738 4231 non
764 4165 849 4250 regit
870 4164 1018 4249 ignavus.
1064 4165 1270 4251 postponitur
1293 4165 1434 4230 ambitus
1458 4166 1573 4241 omnis,

675 4270 789 4334 ultima
813 4289 884 4333 eum
908 4268 1014 4332 claros
1037 4276 1213 4354 quaerunt:
1238 4276 1311 4356 post
1335 4269 1455 4334 danrna
1477 4270 1582 4333 Ticini

676 4395 714 4437 ac
737 4372 879 4436 Trebiae
903 4370 1071 4458 trepidans
1095 4374 1210 4459 raptim
1236 4394 1287 4437 res
1312 4373 1446 4459 publiea
1468 4374 1557 4437 venit

675 4475 717 4540 ad
739 4475 888 4541 Fabium.
935 4473 1065 4538 Cannas
1088 4475 1236 4540 celebres
1252 4475 1402 4540 Varrone
1426 4476 1540 4557 fugato

606 4594 643 4630 ⁵⁵⁵
676 4578 928 4666 Scipiadumque
954 4577 1050 4642 etiam
1075 4586 1261 4664 turgentem
1284 4578 1397 4643 funere
1422 4579 1570 4644 Poenum

674 4682 786 4746 Livius
809 4681 934 4745 electus
958 4679 1067 4765 fregit.
1113 4683 1271 4768 captivus,
1296 4688 1331 4745 ut
1354 4683 1456 4761 aiunt,

675 4786 762 4850 orbis
785 4784 817 4849 in
841 4785 921 4849 urbe
945 4784 1048 4851 iacet:
1072 4785 1224 4870 princeps
1248 4785 1342 4871 perit,
1367 4785 1419 4849 hic
1443 4792 1540 4871 caput
1563 4804 1657 4849 omne

314 4945 480 4952 -—-...
499 4946 505 4951 .
550 4944 722 4951 ——n—

415 5061 465 5114 517
475 5061 667 5130 compuleratT
748 5059 797 5110 521
811 5061 877 5127 qued
890 5061 967 5111 ,llolrr
1053 5061 1104 5111 522
1114 5063 1215 5125 Quibus
1225 5061 1256 5109 Μ
1341 5059 1540 5112 52·lrrurneresa
1553 5060 1589 5110 T*
1676 5057 1970 5121 neocesareensi?

312 5149 363 5201 526
389 5151 531 5216 dispectum
552 5148 585 5198 Μ
721 5144 770 5197 sel
798 5147 894 5213 tyrreni
921 5148 1044 5212 rhenique
1068 5147 1121 5210 Te,
1148 5148 1305 5213 thirreniquc
1329 5147 1360 5196 Μ
1465 5148 1574 5213 Pyrenei
1596 5146 1763 5203 Sirruonduur
1791 5145 1897 5212 pererrei
1917 5144 1966 5207 0⁸,

312 5237 404 5305 pirinei
422 5235 455 5300 F,
479 5235 575 5303 pirenei
593 5232 640 5297 Ob,
662 5234 757 5300 periuei
777 5232 809 5282 Μ
812 5232 844 5292 'l',·
868 5234 980 5298 l’yrenes
999 5232 1077 5282 ΜυΙιν
1196 5231 1245 5283 531
1272 5242 1342 5300 patre
1362 5233 1391 5282 Μ
1507 5230 1557 5283 532
1579 5234 1673 5284 laboris
1691 5232 1722 5281 Μ
1837 5228 1890 5281 534
1912 5232 1967 5283 sors

312 5325 338 5375 in
356 5321 504 5389 longumF
560 5318 624 5386 dux]
642 5321 703 5372 durn
716 5319 748 5369 Μ
802 5318 958 5385 quippei!-
1052 5317 1103 5369 535
1121 5319 1201 5370 vulrra
1220 5320 1297 5385 lugan
1312 5318 1343 5368 Μ
1436 5317 1488 5369 540
1507 5319 1663 5385 qmrtubirnus
1675 5317 1706 5367 Μ
1801 5313 1853 5367 543
1870 5314 1966 5384 nuper]

312 5408 452 5476 sempch
551 5405 602 5458 544
620 5405 731 5474 quaed!
790 5405 885 5472 gallica
898 5403 926 5454 F
1026 5403 1078 5457 545
1095 5405 1237 5457 exereetT
1309 5406 1473 5472 trepidurnC
1573 5402 1624 5456 546
1642 5404 1729 5455 orbern
1747 5411 1786 5455 sat
1804 5401 1967 5471 putuitlaeo]

314 5495 400 5546 orbem
419 5511 467 5561 ego
485 5501 526 5545 sat
543 5494 615 5561 potui
628 5492 688 5556 ΜΟ,
705 5492 792 5543 orbem
811 5492 888 5541 inimo
900 5491 982 5557 poluit
1000 5490 1049 5541 ΤΡ
1109 5492 1130 5542 si
1143 5499 1168 5543 le
1180 5493 1229 5542 sibi
1241 5500 1294 5542 tota
1307 5491 1367 5542 TF:
1379 5492 1430 5543 vite
1442 5492 1491 5542 sibi
1504 5498 1564 5558 pota
1576 5489 1614 5553 Μ,
1631 5490 1695 5541 mihi
1707 5490 1816 5541 subdere
1827 5496 1907 5555 teque
1919 5486 1969 5553 ob,

312 5597 360 5630 oce.
377 5580 416 5631 0⁸
518 5576 569 5631 547
594 5578 786 5630 reformosae
891 5575 942 5627 548
963 5585 1078 5629 moveret
1095 5576 1127 5626 Μ
1229 5576 1278 5630 551
1302 5584 1374 5644 reget
1392 5577 1424 5627 Μ
1491 5578 1576 5628 abitus
1600 5575 1624 5626 T
1728 5573 1780 5627 553
1804 5571 1917 5643 trepida
1935 5572 1969 5625 Μ

312 5662 362 5715 554
381 5665 492 5716 celebret
515 5666 556 5715 T·
625 5682 720 5716 varone
738 5664 766 5715 F
864 5660 915 5715 557
933 5664 994 5715 urbe
1013 5663 1043 5713 Μ
