4462 6216
901 353 1213 410 11v.333-v.420.

599 526 708 591 Gallia
732 528 818 612 quod
841 527 948 592 Rheni
971 526 1110 592 Martem
1133 529 1225 612 ligat,
1249 529 1312 593 istc
1336 531 1449 614 paveri
1471 536 1533 595 est.

599 630 684 715 quod
708 631 952 715 consanguinee
977 652 1029 695 mc
1045 631 1215 696 Vandalus
1238 632 1342 696 hostis
1365 631 1495 698 Halano

528 748 567 786 ³³⁸⁰
601 733 737 819 diripuit
759 733 907 811 radente,
931 735 999 798 suis
1024 735 1076 799 hic
1099 735 1187 800 ultus
1210 736 1251 800 ab
1275 737 1384 802 armis.

598 838 655 902 scd
679 845 789 902 tamen
813 860 895 903 unus
919 838 1016 903 homo
1040 845 1091 903 est
1114 859 1176 904 nce
1199 846 1290 904 tauta
1311 840 1461 926 pericula
1483 842 1571 907 solus

599 942 725 1019 tollere,
749 943 808 1007 sed
830 942 963 1008 differre
987 950 1112 1028 potest:
1136 943 1233 1008 modo
1256 944 1404 1030 principe
1428 944 1522 1009 nobis

599 1054 649 1110 est
672 1068 754 1132 opus
779 1053 914 1126 armato,
937 1052 1087 1113 veterum
1111 1049 1165 1132 qui
1189 1069 1279 1113 more
1302 1056 1476 1134 parentum

598 1173 662 1215 ncu
686 1150 819 1215 mandet
843 1150 899 1215 sed
923 1150 1012 1216 bella
1034 1160 1138 1236 gerat,
1162 1172 1260 1236 quem
1284 1153 1379 1237 signa
1400 1159 1587 1218 moventem

529 1270 566 1307 ³⁸³»
599 1263 687 1319 terra
710 1256 763 1318 vel
786 1253 875 1318 unda
898 1261 1051 1330 tremant,
1074 1260 1110 1319 ut
1134 1254 1266 1319 tandem
1289 1256 1360 1320 iure
1384 1262 1517 1342 recepto

597 1358 737 1424 Romula
759 1358 915 1423 desuetas
939 1358 1149 1423 moderentur
1171 1359 1309 1424 classica
1333 1359 1479 1425 classes.’

646 1462 760 1526 Audiit
783 1462 839 1527 ille
860 1469 965 1547 pater,
989 1462 1085 1526 simul
1109 1463 1232 1528 annuit.
1270 1463 1335 1526 itur
1357 1462 1390 1527 in
1413 1464 1539 1528 urbem.

598 1567 752 1630 continuo
775 1565 864 1630 videt
887 1567 957 1651 ipse
981 1565 1086 1639 deam,
1111 1567 1304 1630 summissus
1327 1566 1452 1639 adorat,

599 1675 714 1755 pectus
739 1677 772 1733 et
795 1676 944 1734 exertam
967 1669 1147 1754 tetigerunt
1170 1690 1292 1734 cornua
1315 1691 1503 1734 mammam:

532 1788 570 1825 ···rv
602 1772 773 1837 mandatas
797 1772 861 1837 fert
883 1772 960 1837 inde
983 1794 1109 1858 preces.
1146 1794 1226 1858 quas
1249 1772 1326 1838 diva
1348 1781 1463 1838 secuta

603 1882 740 1963 apparat
762 1877 810 1941 ire
834 1878 930 1940 viam.
973 1878 1101 1941 laxatos
1125 1883 1220 1941 torva
1244 1877 1381 1963 capillos

600 1981 731 2065 stringit
754 1989 788 2044 ct
809 1982 957 2046 inclusae
981 1982 1148 2046 latuerunt
1171 1980 1298 2046 casside
1322 1987 1446 2057 turres;

601 2085 702 2148 infula
726 2087 837 2150 laurus
861 2091 943 2149 erat.
989 2084 1087 2149 bullis
1112 2084 1286 2149 hostilibus
1310 2106 1407 2170 asper

599 2189 743 2274 applicat
765 2212 785 2253 a
806 2189 901 2253 laeva
923 2195 1114 2273 surgentem
1138 2189 1267 2253 balteus
1292 2209 1414 2253 ensem.

531 2309 568 2345 ³2⁹³
602 2295 756 2359 inseritur
778 2295 885 2380 clipeo
908 2294 1028 2388 yictrix
1050 2314 1182 2369 manum
1207 2293 1294 2357 illius
1317 2294 1429 2358 orbern

599 2398 815 2484 Martigenae,
839 2398 927 2484 lupa,
943 2397 1095 2482 Thybris,
1112 2398 1225 2476 Amor,
1248 2396 1356 2463 Mars,
1370 2397 1432 2461 Ilia
1453 2398 1628 2483 complent.

599 2501 701 2566 fibula
724 2502 869 2567 mordaci
893 2502 1025 2585 refugas
1048 2523 1068 2565 a
1090 2507 1226 2587 pectore
1251 2507 1361 2565 vestes

601 2605 699 2671 dente
723 2606 819 2691 capit.
856 2607 955 2669 micat
977 2604 1072 2669 hasta
1094 2604 1217 2683 minax,
1241 2624 1443 2688 quercusque
1460 2602 1627 2688 trophaeis

600 2729 698 2773 curva
721 2709 832 2773 tremit
853 2708 1045 2794 placidoque
1069 2708 1164 2773 deam
1188 2707 1248 2772 snb
1272 2707 1361 2771 fasce
1383 2707 1509 2792 fatigat.

531 2828 568 2863 ⁴⁴¹³
602 2820 761 2898 perpetuo
786 2820 850 2877 stat
872 2814 985 2898 planta
1007 2813 1087 2890 solo,
1112 2812 1170 2877 sed
1193 2812 1300 2877 fascia
1322 2812 1445 2897 primos

602 2918 728 2981 sistitur
750 2917 791 2981 ad
814 2916 944 3002 digitos,
967 2916 1147 2981 retinacula
1170 2916 1248 2980 bina
1270 2914 1436 2979 cothurnis

600 3022 697 3085 mittit
719 3023 753 3085 in
776 3021 951 3087 adversum
974 3022 1081 3086 vincto
1105 3020 1146 3086 de
1170 3020 1283 3084 fomite
1307 3019 1430 3104 pollex,

600 3147 684 3210 quae
709 3126 870 3210 stringant
893 3125 1045 3211 crepidas
1069 3132 1102 3190 et
1126 3123 1395 3189 concurrentibus
1418 3123 1507 3187 ansis

602 3229 781 3292 vinclorum
805 3226 932 3313 pandas
955 3233 1072 3292 texant
1093 3246 1154 3312 per
1177 3246 1272 3290 crura
1295 3229 1438 3289 catenas.

531 3346 568 3384 4θό
603 3353 693 3416 ergo,
717 3332 805 3418 sicut
824 3338 906 3410 erat,
930 3330 1085 3417 liquidem
1108 3334 1296 3394 transvecta
1319 3349 1380 3413 pcr
1402 3327 1548 3391 aethram

600 3437 767 3501 nascentis
791 3436 885 3521 petiit
909 3434 1039 3520 tepidos
1062 3433 1263 3520 Hyperionis
1287 3440 1387 3496 ortus.

647 3539 707 3603 Est
730 3541 821 3604 locus
845 3538 980 3617 Oceani,
1004 3539 1188 3623 longinquis
1210 3538 1381 3622 proximus
1404 3534 1505 3610 Indis,

600 3666 663 3709 axe
687 3645 747 3708 sub
771 3643 853 3724 Eoo,
876 3643 1084 3707 Nabataeum
1107 3648 1221 3707 tensus
1244 3643 1276 3705 in
1300 3640 1438 3705 Eurum:

600 3770 658 3813 ver
680 3748 725 3812 ihi
748 3749 938 3812 continuum
961 3753 1023 3827 est,
1047 3747 1255 3832 interpellata
1277 3766 1338 3810 nec
1362 3743 1437 3807 ullis

531 3868 568 3904 ⁴1¹¹
602 3852 777 3936 frigoribus
800 3852 956 3936 pallescit
978 3850 1106 3921 humus,
1131 3849 1189 3914 sed
1213 3849 1293 3914 flere
1316 3847 1453 3935 perenni

601 3957 687 4040 picta
709 3957 901 4041 peregrinos
924 3955 1077 4039 ignorant
1100 3975 1178 4017 arva
1199 3954 1339 4037 rigorem

601 4060 715 4124 halant
738 4081 814 4124 rura
836 4060 929 4131 rosis,
954 4058 1226 4143 indiscriptosque
1249 4078 1308 4142 per
1330 4076 1428 4140 agros

602 4163 727 4248 fragrat
750 4164 844 4231 oder:
869 4164 998 4242 violam,
1023 4162 1173 4247 cytisum,
1198 4161 1351 4246 serpylla,
1375 4159 1558 4244 ligustrum.

601 4268 678 4346 lilia,
703 4269 877 4344 narcissos,
902 4268 1035 4345 casiam,
1058 4267 1229 4344 colocasia,
1252 4265 1365 4341 celtas,

536 4385 571 4423 ¹¹⁷³
604 4379 741 4451 costum,
764 4370 1014 4445 malobathrum,
1038 4369 1197 4454 myrrhas.
1223 4367 1445 4452 opobalsama,
1467 4374 1540 4430 tura

600 4476 784 4559 parturiunt
808 4475 929 4560 eampi;
953 4495 1014 4538 nec
1038 4494 1103 4537 non
1126 4472 1279 4558 pulsante
1304 4476 1440 4536 senecta

601 4579 675 4642 hinc
699 4577 846 4644 rediviva
869 4578 951 4664 petit
974 4578 1100 4641 vicinus
1124 4576 1273 4640 cinnama
1295 4575 1454 4639 Phoenix.

602 4682 654 4747 hic
678 4682 792 4747 demus
816 4681 965 4747 Aurorae
989 4682 1086 4746 rutilo
1110 4686 1276 4745 crustante
1300 4677 1433 4743 metallo

600 4786 755 4851 bacarum
778 4786 923 4871 praefert
945 4786 1036 4850 leves
1059 4790 1191 4870 asprata
1213 4783 1352 4868 lapillos.

531 4904 569 4941 ⁴2⁰
601 4889 757 4975 diripiunt
780 4889 911 4955 diversa
934 4889 1047 4954 oculos
1071 4896 1106 4953 et
1129 4889 1169 4952 ab
1193 4893 1263 4951 arte
1289 4886 1446 4970 magistra

337 5146 387 5198 378
413 5149 484 5199 rclrni
504 5148 529 5197 I'
669 5143 720 5197 319
746 5149 947 5214 cunraanguineo
971 5148 996 5197 Ι)
1105 5147 1249 5198 nunrulalua
1274 5145 1345 5197 UFP
1485 5142 1537 5197 380
1560 5147 1653 5213 diripui
1674 5145 1704 5206 P,
1730 5147 1845 5215 dirupuit
1863 5147 1892 5198 F

234 5231 286 5283 :182
311 5231 364 5299 sed]
390 5235 411 5283 si
430 5233 572 5284 Buecheler
698 5231 750 5283 386
772 5234 898 5285 dissuens
921 5234 945 5283 Τ
1067 5232 1119 5283 989
1142 5230 1175 5296 etl
1199 5234 1230 5283 ad
1247 5230 1272 5282 P
1402 5228 1451 5281 391
1475 5248 1553 5283 cerva
1570 5231 1595 5281 P
1720 5229 1771 5283 390
1794 5241 1887 5286 rrrnrla·

234 5337 300 5385 geue
318 5319 344 5369 P
437 5322 506 5370 Mars
528 5317 583 5382 Ilinl
608 5319 725 5369 ruorsalin
749 5318 773 5367 Τ
897 5316 949 5369 399
966 5321 1033 5385 J'ert.
1052 5320 1196 5386 placitoque
1293 5319 1382 5384 lirtigat
1407 5319 1434 5368 in
1455 5335 1508 5367 raa.
1526 5315 1567 5367 Pb
1611 5358 1618 5371 Ι
1697 5314 1748 5368 401
1770 5318 1812 5384 cdl
1830 5336 1846 5371 a
1864 5320 1890 5371 P

233 5402 286 5455 402
302 5406 389 5456 iuncto
410 5405 458 5456 c'F
563 5401 615 5454 409
633 5406 708 5456 anxis
731 5405 755 5453 Τ
858 5403 910 5455 404
929 5406 1045 5456 tathenas
1064 5404 1092 5454 F
1199 5402 1252 5455 4οὑ
1270 5405 1395 5469 liquidum
1414 5412 1430 5454 t.
1451 5422 1474 5470 p.
1494 5405 1581 5455 aethra
1604 5404 1629 5454 Τ
1735 5401 1887 5472 407101131-

234 5491 292 5555 quis
311 5490 335 5540 P
445 5489 498 5541 408
519 5493 559 5542 eci
583 5490 607 5540 Τ
675 5508 746 5542 emm
767 5491 790 5540 1¹
900 5487 953 5541 409
975 5508 1040 5542 veru
1058 5491 1095 5540 ΙΗ
1177 5491 1337 5557 iuterpallata
1355 5490 1380 5541 P
1492 5488 1544 5541 412
1566 5490 1778 5555 indiscriptosque
1795 5493 1888 5558 scripsi

234 5575 303 5639 (item
321 5576 424 5643 Molaer),·
447 5578 664 5645 indescriptosque
681 5578 754 5630 cedd.
867 5574 919 5628 413
937 5580 1028 5645 flagrat
1050 5577 1117 5629 rur
1227 5575 1278 5627 414
1301 5577 1439 5628 colocassin
1457 5576 1531 5627 codd
1610 5583 1698 5627 cautas
1720 5575 1748 5639 Τ,
1765 5585 1848 5629 cartas
1863 5577 1893 5629 F

234 5659 286 5713 415
304 5663 486 5716 malabratrnnr
511 5664 534 5713 Τ
633 5663 684 5714 410
703 5666 801 5732 pulsate
820 5664 851 5728 Ρ,
873 5666 1006 5732 plausanle
1023 5663 1053 5715 F
1155 5662 1208 5715 418
1225 5664 1315 5715 rustilc
1335 5662 1363 5713 F
1462 5661 1513 5715 419
1531 5662 1669 5731 prescrtG
1734 5664 1845 5733 aspirata
1863 5665 1893 5717 F
