<?xml version="1.0" encoding="UTF-8"?>
<!DOCTYPE html PUBLIC "-//W3C//DTD XHTML 1.0 Transitional//EN"
    "http://www.w3.org/TR/xhtml1/DTD/xhtml1-transitional.dtd">
<html xmlns="http://www.w3.org/1999/xhtml" xml:lang="en" lang="en">
 <head>
  <title>
</title>
<meta http-equiv="Content-Type" content="text/html;charset=utf-8" />
  <meta name='ocr-system' content='tesseract 3.04.00' />
  <meta name='ocr-capabilities' content='ocr_page ocr_carea ocr_par ocr_line ocrx_word'/>
</head>
<body>
  <div class='ocr_page' id='page_1' title='image "./gaisoliiapollin00ltgoog_0289.png"; bbox 0 0 4462 6216; ppageno 0'>
   <div class='ocr_carea' id='block_1_1' title="bbox 1023 357 1377 413">
    <p class='ocr_par' dir='ltr' id='par_1_1' title="bbox 1023 357 1377 413">
     <span class='ocr_line' id='line_1_1' title="bbox 1023 357 1377 413; baseline 0.003 -1"><span class='ocrx_word' id='word_1_1' title='bbox 1023 357 1160 412; x_wconf 89' lang='lat' dir='ltr'><strong>SIDONIl</strong></span> <span class='ocrx_word' id='word_1_2' title='bbox 1178 359 1377 413; x_wconf 75' lang='lat' dir='ltr'><strong>chaumont</strong></span> 
     </span>
    </p>
   </div>
   <div class='ocr_carea' id='block_1_2' title="bbox 686 531 1747 4774">
    <p class='ocr_par' dir='ltr' id='par_1_2' title="bbox 740 531 1696 828">
     <span class='ocr_line' id='line_1_2' title="bbox 741 531 1587 617; baseline 0.002 -23"><span class='ocrx_word' id='word_1_3' title='bbox 741 531 897 617; x_wconf 91' lang='lat' dir='ltr'><strong>principis</strong></span> <span class='ocrx_word' id='word_1_4' title='bbox 922 531 1076 606; x_wconf 90' lang='lat' dir='ltr'><strong>anterior,</strong></span> <span class='ocrx_word' id='word_1_5' title='bbox 1100 531 1163 596; x_wconf 89' lang='lat' dir='ltr'><strong>iam</strong></span> <span class='ocrx_word' id='word_1_6' title='bbox 1188 533 1329 597; x_wconf 90' lang='lat' dir='ltr'><strong>consulis</strong></span> <span class='ocrx_word' id='word_1_7' title='bbox 1354 533 1416 596; x_wconf 89' lang='lat' dir='ltr'><strong>istc</strong></span> <span class='ocrx_word' id='word_1_8' title='bbox 1439 539 1587 598; x_wconf 80' lang='lat' dir='ltr'><strong>coruscat</strong></span> 
     </span>
     <span class='ocr_line' id='line_1_3' title="bbox 741 637 1616 717; baseline 0.007 -18"><span class='ocrx_word' id='word_1_9' title='bbox 741 656 856 717; x_wconf 81' lang='lat' dir='ltr'><strong>annus,</strong></span> <span class='ocrx_word' id='word_1_10' title='bbox 880 643 914 700; x_wconf 92' lang='lat' dir='ltr'><strong>et</strong></span> <span class='ocrx_word' id='word_1_11' title='bbox 937 637 1074 701; x_wconf 90' lang='lat' dir='ltr'><strong>emerita</strong></span> <span class='ocrx_word' id='word_1_12' title='bbox 1096 638 1220 703; x_wconf 81' lang='lat' dir='ltr'><strong>trabeis</strong></span> <span class='ocrx_word' id='word_1_13' title='bbox 1244 638 1430 704; x_wconf 87' lang='lat' dir='ltr'><strong>diademata</strong></span> <span class='ocrx_word' id='word_1_14' title='bbox 1453 645 1616 705; x_wconf 88' lang='lat' dir='ltr'><strong>crescunt.</strong></span> 
     </span>
     <span class='ocr_line' id='line_1_4' title="bbox 740 739 1696 828; baseline 0.003 -24"><span class='ocrx_word' id='word_1_15' title='bbox 740 742 905 805; x_wconf 87' lang='lat' dir='ltr'><strong>incassum</strong></span> <span class='ocrx_word' id='word_1_16' title='bbox 930 740 1006 819; x_wconf 92' lang='lat' dir='ltr'><strong>iam,</strong></span> <span class='ocrx_word' id='word_1_17' title='bbox 1030 739 1135 821; x_wconf 86' lang='lat' dir='ltr'><strong>Musa,</strong></span> <span class='ocrx_word' id='word_1_18' title='bbox 1159 763 1272 827; x_wconf 83' lang='lat' dir='ltr'><strong>paves,</strong></span> <span class='ocrx_word' id='word_1_19' title='bbox 1296 740 1383 827; x_wconf 91' lang='lat' dir='ltr'><strong>quod</strong></span> <span class='ocrx_word' id='word_1_20' title='bbox 1407 743 1551 828; x_wconf 80' lang='lat' dir='ltr'><strong>propulit</strong></span> <span class='ocrx_word' id='word_1_21' title='bbox 1572 743 1696 807; x_wconf 80' lang='lat' dir='ltr'>Auster</span> 
     </span>
    </p>

    <p class='ocr_par' dir='ltr' id='par_1_3' title="bbox 698 844 1684 1034">
     <span class='ocr_line' id='line_1_5' title="bbox 698 844 1616 930; baseline 0.007 -26"><span class='ocrx_word' id='word_1_22' title='bbox 698 857 708 890; x_wconf 87' lang='lat'><strong>·&#39;·</strong></span> <span class='ocrx_word' id='word_1_23' title='bbox 744 844 817 906; x_wconf 85' lang='lat' dir='ltr'><strong>vela</strong></span> <span class='ocrx_word' id='word_1_24' title='bbox 840 844 919 907; x_wconf 90' lang='lat' dir='ltr'><strong>ratis</strong></span> <span class='ocrx_word' id='word_1_25' title='bbox 942 850 1089 918; x_wconf 90' lang='lat' dir='ltr'><strong>nostrae;</strong></span> <span class='ocrx_word' id='word_1_26' title='bbox 1113 845 1232 929; x_wconf 83' lang='lat' dir='ltr'>pelago</span> <span class='ocrx_word' id='word_1_27' title='bbox 1255 847 1331 930; x_wconf 88' lang='lat' dir='ltr'><strong>quia</strong></span> <span class='ocrx_word' id='word_1_28' title='bbox 1354 866 1485 910; x_wconf 89' lang='lat' dir='ltr'><strong>currere</strong></span> <span class='ocrx_word' id='word_1_29' title='bbox 1508 845 1616 910; x_wconf 86' lang='lat' dir='ltr'><strong>famae</strong></span> 
     </span>
     <span class='ocr_line' id='line_1_6' title="bbox 744 947 1684 1034; baseline 0.003 -25"><span class='ocrx_word' id='word_1_30' title='bbox 744 948 922 1033; x_wconf 88' lang='lat' dir='ltr'><strong>coepimus,</strong></span> <span class='ocrx_word' id='word_1_31' title='bbox 946 968 986 1011; x_wconf 92' lang='lat' dir='ltr'><strong>en</strong></span> <span class='ocrx_word' id='word_1_32' title='bbox 1012 947 1113 1026; x_wconf 89' lang='lat' dir='ltr'><strong>sidus,</strong></span> <span class='ocrx_word' id='word_1_33' title='bbox 1137 947 1221 1032; x_wconf 92' lang='lat' dir='ltr'><strong>quod</strong></span> <span class='ocrx_word' id='word_1_34' title='bbox 1245 968 1305 1012; x_wconf 92' lang='lat' dir='ltr'><strong>nos</strong></span> <span class='ocrx_word' id='word_1_35' title='bbox 1328 969 1387 1034; x_wconf 91' lang='lat' dir='ltr'><strong>per</strong></span> <span class='ocrx_word' id='word_1_36' title='bbox 1410 950 1543 1014; x_wconf 90' lang='lat' dir='ltr'><strong>caerula</strong></span> <span class='ocrx_word' id='word_1_37' title='bbox 1566 955 1684 1013; x_wconf 80' lang='lat' dir='ltr'><strong>servet.</strong></span> 
     </span>
    </p>

    <p class='ocr_par' dir='ltr' id='par_1_4' title="bbox 741 1051 1747 1343">
     <span class='ocr_line' id='line_1_7' title="bbox 794 1051 1747 1138; baseline 0.003 -24"><span class='ocrx_word' id='word_1_38' title='bbox 794 1051 893 1116; x_wconf 83' lang='lat' dir='ltr'>Forte</span> <span class='ocrx_word' id='word_1_39' title='bbox 916 1059 1010 1136; x_wconf 90' lang='lat' dir='ltr'><strong>pater</strong></span> <span class='ocrx_word' id='word_1_40' title='bbox 1034 1072 1188 1138; x_wconf 88' lang='lat' dir='ltr'><strong>superum</strong></span> <span class='ocrx_word' id='word_1_41' title='bbox 1212 1054 1383 1138; x_wconf 80' lang='lat' dir='ltr'><strong>prospexit</strong></span> <span class='ocrx_word' id='word_1_42' title='bbox 1406 1054 1447 1118; x_wconf 93' lang='lat' dir='ltr'><strong>ab</strong></span> <span class='ocrx_word' id='word_1_43' title='bbox 1471 1055 1606 1119; x_wconf 89' lang='lat' dir='ltr'><strong>aethere</strong></span> <span class='ocrx_word' id='word_1_44' title='bbox 1628 1061 1747 1119; x_wconf 88' lang='lat' dir='ltr'><strong>terras:</strong></span> 
     </span>
     <span class='ocr_line' id='line_1_8' title="bbox 742 1155 1687 1244; baseline 0.006 -27"><span class='ocrx_word' id='word_1_45' title='bbox 742 1175 819 1218; x_wconf 89' lang='lat' dir='ltr'><strong>ecce</strong></span> <span class='ocrx_word' id='word_1_46' title='bbox 843 1155 932 1239; x_wconf 85' lang='lat' dir='ltr'><strong>viget</strong></span> <span class='ocrx_word' id='word_1_47' title='bbox 955 1155 1182 1241; x_wconf 92' lang='lat' dir='ltr'><strong>quodcumque</strong></span> <span class='ocrx_word' id='word_1_48' title='bbox 1206 1155 1310 1230; x_wconf 89' lang='lat' dir='ltr'><strong>videt;</strong></span> <span class='ocrx_word' id='word_1_49' title='bbox 1334 1156 1490 1221; x_wconf 88' lang='lat' dir='ltr'><strong>mundum</strong></span> <span class='ocrx_word' id='word_1_50' title='bbox 1514 1180 1687 1244; x_wconf 82' lang='lat' dir='ltr'><strong>reparasse</strong></span> 
     </span>
     <span class='ocr_line' id='line_1_9' title="bbox 741 1258 1498 1343; baseline 0.003 -22"><span class='ocrx_word' id='word_1_51' title='bbox 741 1258 912 1343; x_wconf 81' lang='lat' dir='ltr'><strong>aspexisse</strong></span> <span class='ocrx_word' id='word_1_52' title='bbox 936 1258 1011 1324; x_wconf 85' lang='lat' dir='ltr'><strong>luit:</strong></span> <span class='ocrx_word' id='word_1_53' title='bbox 1036 1259 1125 1322; x_wconf 85' lang='lat' dir='ltr'><strong>solue</strong></span> <span class='ocrx_word' id='word_1_54' title='bbox 1149 1258 1237 1323; x_wconf 85' lang='lat' dir='ltr'><strong>fovet</strong></span> <span class='ocrx_word' id='word_1_55' title='bbox 1259 1260 1367 1323; x_wconf 91' lang='lat' dir='ltr'><strong>omnia</strong></span> <span class='ocrx_word' id='word_1_56' title='bbox 1390 1266 1498 1324; x_wconf 89' lang='lat' dir='ltr'><strong>nutus.</strong></span> 
     </span>
    </p>

    <p class='ocr_par' dir='ltr' id='par_1_5' title="bbox 686 1363 1700 1866">
     <span class='ocr_line' id='line_1_10' title="bbox 686 1363 1641 1450; baseline 0.001 -24"><span class='ocrx_word' id='word_1_57' title='bbox 686 1378 692 1394; x_wconf 74' lang='lat'><strong><em>⁶</em></strong></span> <span class='ocrx_word' id='word_1_58' title='bbox 743 1365 871 1448; x_wconf 89' lang='lat' dir='ltr'><strong>iamque</strong></span> <span class='ocrx_word' id='word_1_59' title='bbox 895 1371 931 1427; x_wconf 93' lang='lat' dir='ltr'><strong>ut</strong></span> <span class='ocrx_word' id='word_1_60' title='bbox 954 1364 1148 1427; x_wconf 84' lang='lat' dir='ltr'><strong>conveniant</strong></span> <span class='ocrx_word' id='word_1_61' title='bbox 1171 1365 1292 1450; x_wconf 91' lang='lat' dir='ltr'><strong>superi,</strong></span> <span class='ocrx_word' id='word_1_62' title='bbox 1315 1363 1513 1449; x_wconf 80' lang='lat' dir='ltr'><strong>Tegeaticus</strong></span> <span class='ocrx_word' id='word_1_63' title='bbox 1538 1367 1641 1429; x_wconf 83' lang='lat' dir='ltr'><strong>Arcas</strong></span> 
     </span>
     <span class='ocr_line' id='line_1_11' title="bbox 742 1468 1700 1554; baseline 0.005 -24"><span class='ocrx_word' id='word_1_64' title='bbox 742 1489 826 1531; x_wconf 93' lang='lat' dir='ltr'><strong>nunc</strong></span> <span class='ocrx_word' id='word_1_65' title='bbox 850 1468 980 1553; x_wconf 90' lang='lat' dir='ltr'><strong>plantis,</strong></span> <span class='ocrx_word' id='word_1_66' title='bbox 1004 1488 1089 1531; x_wconf 91' lang='lat' dir='ltr'><strong>nunc</strong></span> <span class='ocrx_word' id='word_1_67' title='bbox 1112 1468 1219 1532; x_wconf 84' lang='lat' dir='ltr'><strong>fronte</strong></span> <span class='ocrx_word' id='word_1_68' title='bbox 1243 1468 1348 1533; x_wconf 89' lang='lat' dir='ltr'><strong>volat:</strong></span> <span class='ocrx_word' id='word_1_69' title='bbox 1371 1469 1425 1532; x_wconf 82' lang='lat' dir='ltr'><strong>vix</strong></span> <span class='ocrx_word' id='word_1_70' title='bbox 1448 1470 1585 1554; x_wconf 89' lang='lat' dir='ltr'><strong>contigit</strong></span> <span class='ocrx_word' id='word_1_71' title='bbox 1609 1493 1700 1535; x_wconf 80' lang='lat' dir='ltr'><strong>arra:</strong></span> 
     </span>
     <span class='ocr_line' id='line_1_12' title="bbox 742 1572 1568 1652; baseline 0.001 -17"><span class='ocrx_word' id='word_1_72' title='bbox 742 1582 775 1635; x_wconf 88' lang='lat' dir='ltr'><strong>et</strong></span> <span class='ocrx_word' id='word_1_73' title='bbox 798 1578 867 1635; x_wconf 93' lang='lat' dir='ltr'><strong>toto</strong></span> <span class='ocrx_word' id='word_1_74' title='bbox 889 1572 1060 1636; x_wconf 90' lang='lat' dir='ltr'><strong>descendit</strong></span> <span class='ocrx_word' id='word_1_75' title='bbox 1083 1593 1153 1636; x_wconf 84' lang='lat' dir='ltr'><strong>avo.</strong></span> <span class='ocrx_word' id='word_1_76' title='bbox 1199 1592 1300 1652; x_wconf 87' lang='lat' dir='ltr'><strong>mare,</strong></span> <span class='ocrx_word' id='word_1_77' title='bbox 1324 1580 1412 1636; x_wconf 89' lang='lat' dir='ltr'><strong>terra</strong></span> <span class='ocrx_word' id='word_1_78' title='bbox 1434 1574 1487 1637; x_wconf 90' lang='lat' dir='ltr'><strong>vel</strong></span> <span class='ocrx_word' id='word_1_79' title='bbox 1510 1595 1568 1636; x_wconf 90' lang='lat' dir='ltr'><strong>acr</strong></span> 
     </span>
     <span class='ocr_line' id='line_1_13' title="bbox 741 1675 1555 1761; baseline 0.001 -22"><span class='ocrx_word' id='word_1_80' title='bbox 741 1675 910 1761; x_wconf 86' lang='lat' dir='ltr'><strong>indigenas</strong></span> <span class='ocrx_word' id='word_1_81' title='bbox 933 1676 1052 1740; x_wconf 90' lang='lat' dir='ltr'><strong>misere</strong></span> <span class='ocrx_word' id='word_1_82' title='bbox 1076 1675 1166 1740; x_wconf 88' lang='lat' dir='ltr'><strong>deos.</strong></span> <span class='ocrx_word' id='word_1_83' title='bbox 1211 1696 1365 1760; x_wconf 89' lang='lat' dir='ltr'><strong>germane</strong></span> <span class='ocrx_word' id='word_1_84' title='bbox 1389 1675 1555 1752; x_wconf 84' lang='lat' dir='ltr'><strong>Tonantis,</strong></span> 
     </span>
     <span class='ocr_line' id='line_1_14' title="bbox 742 1778 1585 1866; baseline 0.004 -23"><span class='ocrx_word' id='word_1_85' title='bbox 742 1782 846 1866; x_wconf 89' lang='lat' dir='ltr'><strong>prime</strong></span> <span class='ocrx_word' id='word_1_86' title='bbox 870 1781 973 1860; x_wconf 83' lang='lat' dir='ltr'><strong>venis,</strong></span> <span class='ocrx_word' id='word_1_87' title='bbox 997 1780 1091 1844; x_wconf 86' lang='lat' dir='ltr'><strong>viridi</strong></span> <span class='ocrx_word' id='word_1_88' title='bbox 1116 1780 1170 1865; x_wconf 94' lang='lat' dir='ltr'><strong>qui</strong></span> <span class='ocrx_word' id='word_1_89' title='bbox 1193 1778 1318 1844; x_wconf 85' lang='lat' dir='ltr'><strong>Dorida</strong></span> <span class='ocrx_word' id='word_1_90' title='bbox 1340 1780 1463 1845; x_wconf 87' lang='lat' dir='ltr'><strong>lindcre</strong></span> <span class='ocrx_word' id='word_1_91' title='bbox 1487 1803 1585 1846; x_wconf 91' lang='lat' dir='ltr'><strong>curru</strong></span> 
     </span>
    </p>

    <p class='ocr_par' dir='ltr' id='par_1_6' title="bbox 688 1884 1728 2386">
     <span class='ocr_line' id='line_1_15' title="bbox 688 1884 1626 1970; baseline 0.001 -22"><span class='ocrx_word' id='word_1_92' title='bbox 688 1898 712 1935; x_wconf 72' lang='lat'><strong>‘⁵</strong></span> <span class='ocrx_word' id='word_1_93' title='bbox 746 1892 860 1949; x_wconf 85' lang='lat' dir='ltr'><strong>suetus</strong></span> <span class='ocrx_word' id='word_1_94' title='bbox 884 1886 917 1948; x_wconf 92' lang='lat' dir='ltr'><strong>in</strong></span> <span class='ocrx_word' id='word_1_95' title='bbox 940 1885 1079 1949; x_wconf 88' lang='lat' dir='ltr'><strong>attonita</strong></span> <span class='ocrx_word' id='word_1_96' title='bbox 1103 1885 1230 1970; x_wconf 82' lang='lat' dir='ltr'><strong>spargis</strong></span> <span class='ocrx_word' id='word_1_97' title='bbox 1254 1884 1318 1949; x_wconf 89' lang='lat' dir='ltr'><strong>cito</strong></span> <span class='ocrx_word' id='word_1_98' title='bbox 1342 1891 1434 1970; x_wconf 87' lang='lat' dir='ltr'><strong>terga</strong></span> <span class='ocrx_word' id='word_1_99' title='bbox 1457 1905 1626 1959; x_wconf 88' lang='lat' dir='ltr'><strong>serenum;</strong></span> 
     </span>
     <span class='ocr_line' id='line_1_16' title="bbox 743 1987 1565 2074; baseline 0 -22"><span class='ocrx_word' id='word_1_100' title='bbox 743 1996 894 2052; x_wconf 89' lang='lat' dir='ltr'><strong>umentes</strong></span> <span class='ocrx_word' id='word_1_101' title='bbox 917 1987 1087 2074; x_wconf 82' lang='lat' dir='ltr'><strong>Nymphas</strong></span> <span class='ocrx_word' id='word_1_102' title='bbox 1110 1987 1234 2052; x_wconf 89' lang='lat' dir='ltr'><strong>Forcus</strong></span> <span class='ocrx_word' id='word_1_103' title='bbox 1258 1988 1431 2052; x_wconf 91' lang='lat' dir='ltr'><strong>comitatur</strong></span> <span class='ocrx_word' id='word_1_104' title='bbox 1454 1989 1565 2074; x_wconf 88' lang='lat' dir='ltr'><strong>ibique</strong></span> 
     </span>
     <span class='ocr_line' id='line_1_17' title="bbox 742 2091 1728 2177; baseline 0.004 -21"><span class='ocrx_word' id='word_1_105' title='bbox 742 2094 890 2177; x_wconf 88' lang='lat' dir='ltr'><strong>glaucus,</strong></span> <span class='ocrx_word' id='word_1_106' title='bbox 914 2091 1050 2170; x_wconf 82' lang='lat' dir='ltr'><strong>Glauce,</strong></span> <span class='ocrx_word' id='word_1_107' title='bbox 1076 2093 1175 2170; x_wconf 85' lang='lat' dir='ltr'><strong>venis,</strong></span> <span class='ocrx_word' id='word_1_108' title='bbox 1199 2099 1309 2156; x_wconf 87' lang='lat' dir='ltr'><strong>vatum</strong></span> <span class='ocrx_word' id='word_1_109' title='bbox 1333 2098 1367 2156; x_wconf 91' lang='lat' dir='ltr'><strong>et</strong></span> <span class='ocrx_word' id='word_1_110' title='bbox 1390 2093 1572 2158; x_wconf 88' lang='lat' dir='ltr'><strong>certissime</strong></span> <span class='ocrx_word' id='word_1_111' title='bbox 1595 2091 1728 2161; x_wconf 84' lang='lat' dir='ltr'><strong>Protea.</strong></span> 
     </span>
     <span class='ocr_line' id='line_1_18' title="bbox 744 2194 1593 2281; baseline 0.001 -22"><span class='ocrx_word' id='word_1_112' title='bbox 744 2203 851 2261; x_wconf 89' lang='lat' dir='ltr'><strong>certus</strong></span> <span class='ocrx_word' id='word_1_113' title='bbox 875 2217 958 2261; x_wconf 90' lang='lat' dir='ltr'><strong>eras.</strong></span> <span class='ocrx_word' id='word_1_114' title='bbox 1004 2197 1101 2280; x_wconf 93' lang='lat' dir='ltr'><strong>longo</strong></span> <span class='ocrx_word' id='word_1_115' title='bbox 1124 2196 1259 2259; x_wconf 89' lang='lat' dir='ltr'><strong>veniunt</strong></span> <span class='ocrx_word' id='word_1_116' title='bbox 1281 2204 1356 2281; x_wconf 93' lang='lat' dir='ltr'><strong>post</strong></span> <span class='ocrx_word' id='word_1_117' title='bbox 1379 2195 1491 2261; x_wconf 88' lang='lat' dir='ltr'><strong>ordine</strong></span> <span class='ocrx_word' id='word_1_118' title='bbox 1514 2194 1593 2260; x_wconf 78' lang='lat' dir='ltr'><strong>divi:</strong></span> 
     </span>
     <span class='ocr_line' id='line_1_19' title="bbox 743 2297 1641 2386; baseline -0.002 -22"><span class='ocrx_word' id='word_1_119' title='bbox 743 2301 935 2386; x_wconf 87' lang='lat' dir='ltr'><strong>pampineus</strong></span> <span class='ocrx_word' id='word_1_120' title='bbox 958 2298 1067 2374; x_wconf 87' lang='lat' dir='ltr'><strong>Liber,</strong></span> <span class='ocrx_word' id='word_1_121' title='bbox 1091 2297 1180 2362; x_wconf 86' lang='lat' dir='ltr'><strong>Mara</strong></span> <span class='ocrx_word' id='word_1_122' title='bbox 1204 2307 1289 2379; x_wconf 85' lang='lat' dir='ltr'><strong>trux,</strong></span> <span class='ocrx_word' id='word_1_123' title='bbox 1313 2299 1503 2384; x_wconf 83' lang='lat' dir='ltr'><strong>Tirynthius</strong></span> <span class='ocrx_word' id='word_1_124' title='bbox 1526 2301 1641 2377; x_wconf 90' lang='lat' dir='ltr'><strong>hirtus,</strong></span> 
     </span>
    </p>

    <p class='ocr_par' dir='ltr' id='par_1_7' title="bbox 687 2402 1740 2883">
     <span class='ocr_line' id='line_1_20' title="bbox 687 2402 1627 2488; baseline -0.001 -20"><span class='ocrx_word' id='word_1_125' title='bbox 687 2421 691 2430; x_wconf 91' lang='lat'><em>·</em></span> <span class='ocrx_word' id='word_1_126' title='bbox 746 2403 834 2468; x_wconf 87' lang='lat' dir='ltr'><strong>nuda</strong></span> <span class='ocrx_word' id='word_1_127' title='bbox 849 2403 974 2483; x_wconf 88' lang='lat' dir='ltr'><strong>Venus,</strong></span> <span class='ocrx_word' id='word_1_128' title='bbox 997 2402 1139 2467; x_wconf 88' lang='lat' dir='ltr'><strong>fecunda</strong></span> <span class='ocrx_word' id='word_1_129' title='bbox 1162 2402 1275 2482; x_wconf 82' lang='lat' dir='ltr'><strong>Ceres,</strong></span> <span class='ocrx_word' id='word_1_130' title='bbox 1298 2403 1488 2488; x_wconf 89' lang='lat' dir='ltr'><strong>pharetrata</strong></span> <span class='ocrx_word' id='word_1_131' title='bbox 1510 2403 1627 2478; x_wconf 82' lang='lat' dir='ltr'><strong>Diana,</strong></span> 
     </span>
     <span class='ocr_line' id='line_1_21' title="bbox 743 2505 1594 2592; baseline 0.002 -22"><span class='ocrx_word' id='word_1_132' title='bbox 743 2507 827 2571; x_wconf 88' lang='lat' dir='ltr'><strong>luno</strong></span> <span class='ocrx_word' id='word_1_133' title='bbox 852 2509 972 2592; x_wconf 87' lang='lat' dir='ltr'><strong>gravis,</strong></span> <span class='ocrx_word' id='word_1_134' title='bbox 996 2505 1139 2592; x_wconf 89' lang='lat' dir='ltr'><strong>prudens</strong></span> <span class='ocrx_word' id='word_1_135' title='bbox 1162 2507 1285 2586; x_wconf 89' lang='lat' dir='ltr'><strong>Pallas,</strong></span> <span class='ocrx_word' id='word_1_136' title='bbox 1309 2508 1425 2571; x_wconf 86' lang='lat' dir='ltr'><strong>turrita</strong></span> <span class='ocrx_word' id='word_1_137' title='bbox 1450 2506 1594 2592; x_wconf 80' lang='lat' dir='ltr'><strong>Cybebe,</strong></span> 
     </span>
     <span class='ocr_line' id='line_1_22' title="bbox 745 2609 1740 2697; baseline -0.001 -23"><span class='ocrx_word' id='word_1_138' title='bbox 745 2612 905 2675; x_wconf 87' lang='lat' dir='ltr'><strong>Saturnus</strong></span> <span class='ocrx_word' id='word_1_139' title='bbox 929 2611 1099 2697; x_wconf 85' lang='lat' dir='ltr'><strong>profugus,</strong></span> <span class='ocrx_word' id='word_1_140' title='bbox 1125 2632 1207 2696; x_wconf 87' lang='lat' dir='ltr'><strong>vaga</strong></span> <span class='ocrx_word' id='word_1_141' title='bbox 1231 2609 1382 2696; x_wconf 82' lang='lat' dir='ltr'><strong>Cynthia,</strong></span> <span class='ocrx_word' id='word_1_142' title='bbox 1405 2610 1559 2675; x_wconf 89' lang='lat' dir='ltr'><strong>Phoebus</strong></span> <span class='ocrx_word' id='word_1_143' title='bbox 1583 2610 1740 2696; x_wconf 81' lang='lat' dir='ltr'><strong>ephebus,</strong></span> 
     </span>
     <span class='ocr_line' id='line_1_23' title="bbox 744 2714 1595 2801; baseline 0.002 -23"><span class='ocrx_word' id='word_1_144' title='bbox 744 2716 812 2780; x_wconf 89' lang='lat' dir='ltr'><strong>Pan</strong></span> <span class='ocrx_word' id='word_1_145' title='bbox 837 2716 985 2801; x_wconf 84' lang='lat' dir='ltr'><strong>pavidus,</strong></span> <span class='ocrx_word' id='word_1_146' title='bbox 1008 2715 1112 2780; x_wconf 84' lang='lat' dir='ltr'><strong>Fauni</strong></span> <span class='ocrx_word' id='word_1_147' title='bbox 1135 2714 1244 2799; x_wconf 80' lang='lat' dir='ltr'><strong>rigidi,</strong></span> <span class='ocrx_word' id='word_1_148' title='bbox 1269 2714 1377 2800; x_wconf 83' lang='lat' dir='ltr'><strong>Satyri</strong></span> <span class='ocrx_word' id='word_1_149' title='bbox 1399 2717 1595 2800; x_wconf 74' lang='lat' dir='ltr'><strong>petulantes,</strong></span> 
     </span>
     <span class='ocr_line' id='line_1_24' title="bbox 745 2819 1537 2883; baseline 0 0"><span class='ocrx_word' id='word_1_150' title='bbox 745 2840 930 2883; x_wconf 84' lang='lat' dir='ltr'><strong>convenere</strong></span> <span class='ocrx_word' id='word_1_151' title='bbox 955 2819 1053 2882; x_wconf 90' lang='lat' dir='ltr'><strong>etiam</strong></span> <span class='ocrx_word' id='word_1_152' title='bbox 1079 2819 1206 2882; x_wconf 91' lang='lat' dir='ltr'><strong>caelum</strong></span> <span class='ocrx_word' id='word_1_153' title='bbox 1230 2819 1349 2882; x_wconf 84' lang='lat' dir='ltr'><strong>virtute</strong></span> <span class='ocrx_word' id='word_1_154' title='bbox 1372 2826 1537 2883; x_wconf 89' lang='lat' dir='ltr'><strong>tenentes:</strong></span> 
     </span>
    </p>

    <p class='ocr_par' dir='ltr' id='par_1_8' title="bbox 688 2921 1709 3940">
     <span class='ocr_line' id='line_1_25' title="bbox 688 2921 1589 3008; baseline 0 -22"><span class='ocrx_word' id='word_1_155' title='bbox 688 2961 705 2973; x_wconf 90' lang='lat'><strong>··</strong></span> <span class='ocrx_word' id='word_1_156' title='bbox 747 2922 866 2986; x_wconf 80' lang='lat' dir='ltr'><strong>Castor</strong></span> <span class='ocrx_word' id='word_1_157' title='bbox 889 2943 984 3007; x_wconf 88' lang='lat' dir='ltr'><strong>equo,</strong></span> <span class='ocrx_word' id='word_1_158' title='bbox 1007 2922 1127 2985; x_wconf 85' lang='lat' dir='ltr'><strong>Pollux</strong></span> <span class='ocrx_word' id='word_1_159' title='bbox 1151 2928 1275 3002; x_wconf 88' lang='lat' dir='ltr'><strong>caestu,</strong></span> <span class='ocrx_word' id='word_1_160' title='bbox 1298 2921 1453 2986; x_wconf 88' lang='lat' dir='ltr'><strong>Perseius</strong></span> <span class='ocrx_word' id='word_1_161' title='bbox 1476 2923 1589 3008; x_wconf 86' lang='lat' dir='ltr'><strong>harpe,</strong></span> 
     </span>
     <span class='ocr_line' id='line_1_26' title="bbox 749 3024 1643 3110; baseline 0.002 -21"><span class='ocrx_word' id='word_1_162' title='bbox 749 3026 883 3090; x_wconf 80' lang='lat' dir='ltr'><strong>fulmine</strong></span> <span class='ocrx_word' id='word_1_163' title='bbox 900 3024 1080 3104; x_wconf 86' lang='lat' dir='ltr'><strong>Vulcanus,</strong></span> <span class='ocrx_word' id='word_1_164' title='bbox 1103 3024 1228 3110; x_wconf 83' lang='lat' dir='ltr'><strong>Tiphys</strong></span> <span class='ocrx_word' id='word_1_165' title='bbox 1252 3031 1332 3106; x_wconf 89' lang='lat' dir='ltr'><strong>rate,</strong></span> <span class='ocrx_word' id='word_1_166' title='bbox 1355 3033 1454 3110; x_wconf 89' lang='lat' dir='ltr'><strong>gente</strong></span> <span class='ocrx_word' id='word_1_167' title='bbox 1478 3024 1643 3098; x_wconf 83' lang='lat' dir='ltr'><strong>Quirinus.</strong></span> 
     </span>
     <span class='ocr_line' id='line_1_27' title="bbox 744 3127 1567 3213; baseline 0.001 -22"><span class='ocrx_word' id='word_1_168' title='bbox 744 3130 815 3213; x_wconf 89' lang='lat' dir='ltr'><strong>quis</strong></span> <span class='ocrx_word' id='word_1_169' title='bbox 839 3134 935 3191; x_wconf 90' lang='lat' dir='ltr'><strong>canat</strong></span> <span class='ocrx_word' id='word_1_170' title='bbox 959 3127 1012 3192; x_wconf 92' lang='lat' dir='ltr'><strong>hic</strong></span> <span class='ocrx_word' id='word_1_171' title='bbox 1035 3128 1143 3191; x_wconf 92' lang='lat' dir='ltr'><strong>aulam</strong></span> <span class='ocrx_word' id='word_1_172' title='bbox 1168 3129 1262 3208; x_wconf 87' lang='lat' dir='ltr'><strong>caeli,</strong></span> <span class='ocrx_word' id='word_1_173' title='bbox 1286 3128 1453 3192; x_wconf 89' lang='lat' dir='ltr'><strong>rutilantia</strong></span> <span class='ocrx_word' id='word_1_174' title='bbox 1476 3130 1567 3193; x_wconf 90' lang='lat' dir='ltr'><strong>cuius</strong></span> 
     </span>
     <span class='ocr_line' id='line_1_28' title="bbox 744 3231 1655 3318; baseline -0.003 -22"><span class='ocrx_word' id='word_1_175' title='bbox 744 3234 814 3316; x_wconf 92' lang='lat' dir='ltr'><strong>ipsa</strong></span> <span class='ocrx_word' id='word_1_176' title='bbox 837 3233 1058 3317; x_wconf 87' lang='lat' dir='ltr'><strong>pavimentum</strong></span> <span class='ocrx_word' id='word_1_177' title='bbox 1083 3238 1159 3295; x_wconf 88' lang='lat' dir='ltr'><strong>sunt</strong></span> <span class='ocrx_word' id='word_1_178' title='bbox 1182 3231 1310 3296; x_wconf 80' lang='lat' dir='ltr'><strong>sidera?</strong></span> <span class='ocrx_word' id='word_1_179' title='bbox 1348 3234 1413 3295; x_wconf 88' lang='lat' dir='ltr'><strong>iam</strong></span> <span class='ocrx_word' id='word_1_180' title='bbox 1437 3239 1532 3318; x_wconf 88' lang='lat' dir='ltr'><strong>pater</strong></span> <span class='ocrx_word' id='word_1_181' title='bbox 1555 3254 1655 3297; x_wconf 90' lang='lat' dir='ltr'><strong>aureo</strong></span> 
     </span>
     <span class='ocr_line' id='line_1_29' title="bbox 744 3334 1513 3421; baseline 0 -23"><span class='ocrx_word' id='word_1_182' title='bbox 744 3337 938 3421; x_wconf 89' lang='lat' dir='ltr'><strong>tranquillus</strong></span> <span class='ocrx_word' id='word_1_183' title='bbox 963 3357 1037 3399; x_wconf 89' lang='lat' dir='ltr'><strong>sese</strong></span> <span class='ocrx_word' id='word_1_184' title='bbox 1062 3336 1143 3399; x_wconf 88' lang='lat' dir='ltr'><strong>solio</strong></span> <span class='ocrx_word' id='word_1_185' title='bbox 1168 3336 1263 3410; x_wconf 91' lang='lat' dir='ltr'><strong>locat,</strong></span> <span class='ocrx_word' id='word_1_186' title='bbox 1288 3334 1364 3398; x_wconf 90' lang='lat' dir='ltr'><strong>inde</strong></span> <span class='ocrx_word' id='word_1_187' title='bbox 1386 3337 1513 3420; x_wconf 86' lang='lat' dir='ltr'><strong>priores</strong></span> 
     </span>
     <span class='ocr_line' id='line_1_30' title="bbox 745 3438 1548 3524; baseline -0.001 -21"><span class='ocrx_word' id='word_1_188' title='bbox 745 3438 925 3503; x_wconf 89' lang='lat' dir='ltr'><strong>consedere</strong></span> <span class='ocrx_word' id='word_1_189' title='bbox 948 3438 1000 3502; x_wconf 89' lang='lat' dir='ltr'><strong>dei</strong></span> <span class='ocrx_word' id='word_1_190' title='bbox 1025 3439 1146 3523; x_wconf 85' lang='lat' dir='ltr'><strong>(fluviis</strong></span> <span class='ocrx_word' id='word_1_191' title='bbox 1169 3460 1298 3524; x_wconf 91' lang='lat' dir='ltr'><strong>quoque</strong></span> <span class='ocrx_word' id='word_1_192' title='bbox 1322 3441 1459 3524; x_wconf 89' lang='lat' dir='ltr'><strong>contigit</strong></span> <span class='ocrx_word' id='word_1_193' title='bbox 1482 3440 1548 3520; x_wconf 90' lang='lat' dir='ltr'><strong>illo,</strong></span> 
     </span>
     <span class='ocr_line' id='line_1_31' title="bbox 745 3541 1628 3623; baseline 0.001 -16"><span class='ocrx_word' id='word_1_194' title='bbox 745 3542 804 3607; x_wconf 92' lang='lat' dir='ltr'><strong>sed</strong></span> <span class='ocrx_word' id='word_1_195' title='bbox 826 3542 971 3623; x_wconf 87' lang='lat' dir='ltr'><strong>senibus,</strong></span> <span class='ocrx_word' id='word_1_196' title='bbox 995 3541 1140 3607; x_wconf 90' lang='lat' dir='ltr'><strong>residere</strong></span> <span class='ocrx_word' id='word_1_197' title='bbox 1163 3544 1245 3617; x_wconf 90' lang='lat' dir='ltr'><strong>loco,</strong></span> <span class='ocrx_word' id='word_1_198' title='bbox 1269 3543 1338 3622; x_wconf 93' lang='lat' dir='ltr'><strong>tibi,</strong></span> <span class='ocrx_word' id='word_1_199' title='bbox 1362 3544 1505 3608; x_wconf 84' lang='lat' dir='ltr'><strong>maxime</strong></span> <span class='ocrx_word' id='word_1_200' title='bbox 1529 3545 1628 3608; x_wconf 89' lang='lat' dir='ltr'><strong>lluctu</strong></span> 
     </span>
     <span class='ocr_line' id='line_1_32' title="bbox 744 3646 1600 3733; baseline 0.002 -23"><span class='ocrx_word' id='word_1_201' title='bbox 744 3646 887 3711; x_wconf 78' lang='lat' dir='ltr'><strong>Eridane</strong></span> <span class='ocrx_word' id='word_1_202' title='bbox 911 3653 945 3710; x_wconf 91' lang='lat' dir='ltr'><strong>et</strong></span> <span class='ocrx_word' id='word_1_203' title='bbox 968 3646 1059 3710; x_wconf 87' lang='lat' dir='ltr'><strong>flavis</strong></span> <span class='ocrx_word' id='word_1_204' title='bbox 1084 3647 1117 3709; x_wconf 93' lang='lat' dir='ltr'><strong>in</strong></span> <span class='ocrx_word' id='word_1_205' title='bbox 1141 3648 1260 3733; x_wconf 88' lang='lat' dir='ltr'><strong>pocula</strong></span> <span class='ocrx_word' id='word_1_206' title='bbox 1281 3647 1385 3712; x_wconf 82' lang='lat' dir='ltr'><strong>fracte</strong></span> <span class='ocrx_word' id='word_1_207' title='bbox 1411 3647 1600 3728; x_wconf 86' lang='lat' dir='ltr'><strong>Sicambris,</strong></span> 
     </span>
     <span class='ocr_line' id='line_1_33' title="bbox 745 3749 1709 3837; baseline -0.001 -21"><span class='ocrx_word' id='word_1_208' title='bbox 745 3752 861 3816; x_wconf 85' lang='lat' dir='ltr'><strong>Rhene</strong></span> <span class='ocrx_word' id='word_1_209' title='bbox 884 3757 1015 3815; x_wconf 87' lang='lat' dir='ltr'><strong>tumens</strong></span> <span class='ocrx_word' id='word_1_210' title='bbox 1041 3749 1261 3836; x_wconf 84' lang='lat' dir='ltr'><strong>Scythiaeque</strong></span> <span class='ocrx_word' id='word_1_211' title='bbox 1285 3752 1378 3837; x_wconf 84' lang='lat' dir='ltr'><strong>vagis</strong></span> <span class='ocrx_word' id='word_1_212' title='bbox 1401 3753 1547 3836; x_wconf 89' lang='lat' dir='ltr'><strong>equitate</strong></span> <span class='ocrx_word' id='word_1_213' title='bbox 1571 3753 1709 3816; x_wconf 82' lang='lat' dir='ltr'><strong>catervis</strong></span> 
     </span>
     <span class='ocr_line' id='line_1_34' title="bbox 744 3854 1664 3940; baseline -0.001 -21"><span class='ocrx_word' id='word_1_214' title='bbox 744 3856 860 3920; x_wconf 89' lang='lat' dir='ltr'><strong>Hister</strong></span> <span class='ocrx_word' id='word_1_215' title='bbox 883 3861 916 3918; x_wconf 90' lang='lat' dir='ltr'><strong>et</strong></span> <span class='ocrx_word' id='word_1_216' title='bbox 938 3854 1084 3939; x_wconf 92' lang='lat' dir='ltr'><strong>ignotum</strong></span> <span class='ocrx_word' id='word_1_217' title='bbox 1108 3855 1183 3939; x_wconf 89' lang='lat' dir='ltr'><strong>plus</strong></span> <span class='ocrx_word' id='word_1_218' title='bbox 1206 3861 1311 3931; x_wconf 89' lang='lat' dir='ltr'><strong>notus,</strong></span> <span class='ocrx_word' id='word_1_219' title='bbox 1335 3854 1422 3927; x_wconf 87' lang='lat' dir='ltr'><strong>Nile,</strong></span> <span class='ocrx_word' id='word_1_220' title='bbox 1446 3876 1506 3940; x_wconf 92' lang='lat' dir='ltr'><strong>per</strong></span> <span class='ocrx_word' id='word_1_221' title='bbox 1528 3856 1664 3940; x_wconf 89' lang='lat' dir='ltr'><strong>ortum):</strong></span> 
     </span>
    </p>

    <p class='ocr_par' dir='ltr' id='par_1_9' title="bbox 701 3958 1669 4464">
     <span class='ocr_line' id='line_1_35' title="bbox 701 3958 1553 4043; baseline 0.001 -22"><span class='ocrx_word' id='word_1_222' title='bbox 701 3975 712 4009; x_wconf 68' lang='lat' dir='ltr'><strong>r.</strong></span> <span class='ocrx_word' id='word_1_223' title='bbox 746 3980 818 4023; x_wconf 87' lang='lat' dir='ltr'><strong>oum</strong></span> <span class='ocrx_word' id='word_1_224' title='bbox 842 3958 957 4043; x_wconf 91' lang='lat' dir='ltr'><strong>procul</strong></span> <span class='ocrx_word' id='word_1_225' title='bbox 981 3964 1091 4021; x_wconf 88' lang='lat' dir='ltr'><strong>erecta</strong></span> <span class='ocrx_word' id='word_1_226' title='bbox 1113 3959 1196 4021; x_wconf 90' lang='lat' dir='ltr'><strong>caeli</strong></span> <span class='ocrx_word' id='word_1_227' title='bbox 1219 3958 1260 4022; x_wconf 91' lang='lat' dir='ltr'><strong>de</strong></span> <span class='ocrx_word' id='word_1_228' title='bbox 1284 3965 1377 4043; x_wconf 90' lang='lat' dir='ltr'><strong>parte</strong></span> <span class='ocrx_word' id='word_1_229' title='bbox 1402 3959 1553 4024; x_wconf 90' lang='lat' dir='ltr'><strong>trahebat</strong></span> 
     </span>
     <span class='ocr_line' id='line_1_36' title="bbox 744 4062 1549 4150; baseline 0 -23"><span class='ocrx_word' id='word_1_230' title='bbox 744 4064 855 4150; x_wconf 86' lang='lat' dir='ltr'><strong>pigros</strong></span> <span class='ocrx_word' id='word_1_231' title='bbox 877 4062 983 4127; x_wconf 88' lang='lat' dir='ltr'><strong>Roma</strong></span> <span class='ocrx_word' id='word_1_232' title='bbox 1004 4063 1137 4147; x_wconf 86' lang='lat' dir='ltr'><strong>gradus,</strong></span> <span class='ocrx_word' id='word_1_233' title='bbox 1161 4069 1296 4127; x_wconf 86' lang='lat' dir='ltr'><strong>curvato</strong></span> <span class='ocrx_word' id='word_1_234' title='bbox 1320 4084 1441 4127; x_wconf 86' lang='lat' dir='ltr'><strong>cernua</strong></span> <span class='ocrx_word' id='word_1_235' title='bbox 1465 4064 1549 4127; x_wconf 93' lang='lat' dir='ltr'><strong>collo</strong></span> 
     </span>
     <span class='ocr_line' id='line_1_37' title="bbox 745 4168 1576 4254; baseline 0.001 -24"><span class='ocrx_word' id='word_1_236' title='bbox 745 4188 803 4231; x_wconf 87' lang='lat' dir='ltr'><strong>ora</strong></span> <span class='ocrx_word' id='word_1_237' title='bbox 826 4169 954 4245; x_wconf 83' lang='lat' dir='ltr'><strong>ferens3</strong></span> <span class='ocrx_word' id='word_1_238' title='bbox 977 4168 1123 4254; x_wconf 90' lang='lat' dir='ltr'><strong>pendent</strong></span> <span class='ocrx_word' id='word_1_239' title='bbox 1146 4169 1254 4233; x_wconf 87' lang='lat' dir='ltr'><strong>crines</strong></span> <span class='ocrx_word' id='word_1_240' title='bbox 1277 4168 1318 4232; x_wconf 91' lang='lat' dir='ltr'><strong>de</strong></span> <span class='ocrx_word' id='word_1_241' title='bbox 1343 4168 1475 4250; x_wconf 85' lang='lat' dir='ltr'><strong>vertice,</strong></span> <span class='ocrx_word' id='word_1_242' title='bbox 1499 4168 1576 4233; x_wconf 90' lang='lat' dir='ltr'><strong>tecti</strong></span> 
     </span>
     <span class='ocr_line' id='line_1_38' title="bbox 746 4273 1658 4358; baseline 0.001 -22"><span class='ocrx_word' id='word_1_243' title='bbox 746 4274 893 4358; x_wconf 78' lang='lat' dir='ltr'><strong>pulvere,</strong></span> <span class='ocrx_word' id='word_1_244' title='bbox 917 4294 983 4336; x_wconf 94' lang='lat' dir='ltr'><strong>non</strong></span> <span class='ocrx_word' id='word_1_245' title='bbox 1006 4274 1112 4358; x_wconf 86' lang='lat' dir='ltr'><strong>galea,</strong></span> <span class='ocrx_word' id='word_1_246' title='bbox 1136 4273 1325 4357; x_wconf 88' lang='lat' dir='ltr'><strong>clipeusque</strong></span> <span class='ocrx_word' id='word_1_247' title='bbox 1349 4273 1527 4357; x_wconf 86' lang='lat' dir='ltr'><strong>inpingitur</strong></span> <span class='ocrx_word' id='word_1_248' title='bbox 1549 4274 1658 4358; x_wconf 88' lang='lat' dir='ltr'><strong>aegris</strong></span> 
     </span>
     <span class='ocr_line' id='line_1_39' title="bbox 744 4377 1669 4464; baseline 0.001 -22"><span class='ocrx_word' id='word_1_249' title='bbox 744 4379 925 4463; x_wconf 88' lang='lat' dir='ltr'><strong>gressibus,</strong></span> <span class='ocrx_word' id='word_1_250' title='bbox 950 4384 984 4443; x_wconf 87' lang='lat' dir='ltr'><strong>et</strong></span> <span class='ocrx_word' id='word_1_251' title='bbox 1007 4377 1146 4464; x_wconf 88' lang='lat' dir='ltr'><strong>pondus,</strong></span> <span class='ocrx_word' id='word_1_252' title='bbox 1170 4398 1234 4441; x_wconf 94' lang='lat' dir='ltr'><strong>non</strong></span> <span class='ocrx_word' id='word_1_253' title='bbox 1257 4385 1362 4442; x_wconf 90' lang='lat' dir='ltr'><strong>terror</strong></span> <span class='ocrx_word' id='word_1_254' title='bbox 1383 4378 1486 4442; x_wconf 86' lang='lat' dir='ltr'><strong>fertur</strong></span> <span class='ocrx_word' id='word_1_255' title='bbox 1508 4379 1540 4442; x_wconf 92' lang='lat' dir='ltr'><strong>in</strong></span> <span class='ocrx_word' id='word_1_256' title='bbox 1563 4378 1669 4444; x_wconf 76' lang='lat' dir='ltr'><strong>hasta..</strong></span> 
     </span>
    </p>

    <p class='ocr_par' dir='ltr' id='par_1_10' title="bbox 689 4481 1727 4774">
     <span class='ocr_line' id='line_1_40' title="bbox 689 4481 1650 4568; baseline 0.001 -22"><span class='ocrx_word' id='word_1_257' title='bbox 689 4498 715 4533; x_wconf 66' lang='lat'><strong>³⁰</strong></span> <span class='ocrx_word' id='word_1_258' title='bbox 747 4488 847 4567; x_wconf 89' lang='lat' dir='ltr'><strong>utque</strong></span> <span class='ocrx_word' id='word_1_259' title='bbox 871 4482 916 4568; x_wconf 91' lang='lat' dir='ltr'><strong>pii</strong></span> <span class='ocrx_word' id='word_1_260' title='bbox 941 4483 1081 4567; x_wconf 91' lang='lat' dir='ltr'><strong>genibus</strong></span> <span class='ocrx_word' id='word_1_261' title='bbox 1105 4483 1246 4568; x_wconf 92' lang='lat' dir='ltr'><strong>primum</strong></span> <span class='ocrx_word' id='word_1_262' title='bbox 1270 4489 1321 4546; x_wconf 90' lang='lat' dir='ltr'><strong>cst</strong></span> <span class='ocrx_word' id='word_1_263' title='bbox 1343 4482 1459 4547; x_wconf 85' lang='lat' dir='ltr'><strong>adfusa</strong></span> <span class='ocrx_word' id='word_1_264' title='bbox 1480 4481 1650 4560; x_wconf 86' lang='lat' dir='ltr'><strong>Tonantis,</strong></span> 
     </span>
     <span class='ocr_line' id='line_1_41' title="bbox 745 4584 1727 4673; baseline 0.003 -24"><span class='ocrx_word' id='word_1_265' title='bbox 745 4591 881 4665; x_wconf 74' lang='lat' dir='ltr'><strong>“testor,</strong></span> <span class='ocrx_word' id='word_1_266' title='bbox 905 4592 1018 4650; x_wconf 89' lang='lat' dir='ltr'><strong>sancte</strong></span> <span class='ocrx_word' id='word_1_267' title='bbox 1041 4584 1194 4672; x_wconf 87' lang='lat' dir='ltr'><strong>parens&#39;&#39;,</strong></span> <span class='ocrx_word' id='word_1_268' title='bbox 1219 4585 1333 4673; x_wconf 91' lang='lat' dir='ltr'><strong>inquit,</strong></span> <span class='ocrx_word' id='word_1_269' title='bbox 1357 4593 1412 4652; x_wconf 84' lang='lat' dir='ltr'><strong>“te</strong></span> <span class='ocrx_word' id='word_1_270' title='bbox 1436 4609 1556 4653; x_wconf 91' lang='lat' dir='ltr'><strong>numen</strong></span> <span class='ocrx_word' id='word_1_271' title='bbox 1580 4595 1613 4652; x_wconf 88' lang='lat' dir='ltr'><strong>et</strong></span> <span class='ocrx_word' id='word_1_272' title='bbox 1636 4588 1727 4667; x_wconf 92' lang='lat' dir='ltr'><strong>illud,</strong></span> 
     </span>
     <span class='ocr_line' id='line_1_42' title="bbox 744 4689 1598 4774; baseline 0.004 -22"><span class='ocrx_word' id='word_1_273' title='bbox 744 4689 897 4774; x_wconf 89' lang='lat' dir='ltr'><strong>quicquid</strong></span> <span class='ocrx_word' id='word_1_274' title='bbox 921 4690 1029 4755; x_wconf 89' lang='lat' dir='ltr'><strong>Roma</strong></span> <span class='ocrx_word' id='word_1_275' title='bbox 1051 4689 1113 4754; x_wconf 88' lang='lat' dir='ltr'><strong>lui:</strong></span> <span class='ocrx_word' id='word_1_276' title='bbox 1138 4711 1262 4754; x_wconf 89' lang='lat' dir='ltr'><strong>summo</strong></span> <span class='ocrx_word' id='word_1_277' title='bbox 1288 4691 1366 4755; x_wconf 90' lang='lat' dir='ltr'><strong>satis</strong></span> <span class='ocrx_word' id='word_1_278' title='bbox 1391 4691 1508 4755; x_wconf 90' lang='lat' dir='ltr'><strong>obruta</strong></span> <span class='ocrx_word' id='word_1_279' title='bbox 1531 4689 1598 4755; x_wconf 86' lang='lat' dir='ltr'><strong>fato</strong></span> 
     </span>
    </p>
   </div>
   <div class='ocr_carea' id='block_1_3' title="bbox 382 4822 525 4830">
    <p class='ocr_par' dir='ltr' id='par_1_11' title="bbox 382 4822 525 4830">
     <span class='ocr_line' id='line_1_43' title="bbox 382 4822 525 4830; baseline 0.007 -1"><span class='ocrx_word' id='word_1_280' title='bbox 382 4822 525 4830; x_wconf 47' lang='grc' dir='ltr'><strong>..ψ-</strong></span> 
     </span>
    </p>
   </div>
   <div class='ocr_carea' id='block_1_4' title="bbox 303 4896 2042 5574">
    <p class='ocr_par' dir='ltr' id='par_1_12' title="bbox 303 4896 2042 5574">
     <span class='ocr_line' id='line_1_44' title="bbox 487 4896 2035 4970; baseline 0.005 -22"><span class='ocrx_word' id='word_1_281' title='bbox 487 4899 518 4949; x_wconf 91' lang='grc'><strong>12</strong></span> <span class='ocrx_word' id='word_1_282' title='bbox 537 4902 664 4968; x_wconf 89' lang='lat' dir='ltr'><strong>priucipes</strong></span> <span class='ocrx_word' id='word_1_283' title='bbox 679 4901 712 4950; x_wconf 80' lang='lat'><strong>0¹</strong></span> <span class='ocrx_word' id='word_1_284' title='bbox 822 4896 966 4951; x_wconf 67' lang='grc'><strong>13011111</strong></span> <span class='ocrx_word' id='word_1_285' title='bbox 1068 4899 1099 4952; x_wconf 97' lang='grc'><strong>14</strong></span> <span class='ocrx_word' id='word_1_286' title='bbox 1118 4901 1224 4968; x_wconf 87' lang='lat' dir='ltr'><strong>protulit</strong></span> <span class='ocrx_word' id='word_1_287' title='bbox 1241 4900 1272 4949; x_wconf 90' lang='lat' dir='ltr'><em>M</em></span> <span class='ocrx_word' id='word_1_288' title='bbox 1376 4899 1408 4951; x_wconf 90' lang='grc'><strong>16</strong></span> <span class='ocrx_word' id='word_1_289' title='bbox 1428 4917 1460 4952; x_wconf 89' lang='lat' dir='ltr'><strong>cn</strong></span> <span class='ocrx_word' id='word_1_290' title='bbox 1478 4901 1517 4951; x_wconf 78' lang='lat' dir='ltr'><strong>T·</strong></span> <span class='ocrx_word' id='word_1_291' title='bbox 1534 4910 1557 4953; x_wconf 83' lang='lat' dir='ltr'><strong>ct</strong></span> <span class='ocrx_word' id='word_1_292' title='bbox 1574 4903 1666 4953; x_wconf 75' lang='lat' dir='ltr'><strong>iterum</strong></span> <span class='ocrx_word' id='word_1_293' title='bbox 1683 4917 1715 4953; x_wconf 91' lang='lat' dir='ltr'><strong>on</strong></span> <span class='ocrx_word' id='word_1_294' title='bbox 1734 4918 1791 4968; x_wconf 66' lang='lat' dir='ltr'><strong>capr.</strong></span> <span class='ocrx_word' id='word_1_295' title='bbox 1810 4918 1859 4953; x_wconf 81' lang='lat' dir='ltr'><strong>scr.</strong></span> <span class='ocrx_word' id='word_1_296' title='bbox 1878 4899 1918 4951; x_wconf 75' lang='lat' dir='ltr'><strong>Tu</strong></span> <span class='ocrx_word' id='word_1_297' title='bbox 1989 4920 2035 4970; x_wconf 91' lang='lat' dir='ltr'><strong>per</strong></span> 
     </span>
     <span class='ocr_line' id='line_1_45' title="bbox 380 4984 2040 5055; baseline 0.002 -20"><span class='ocrx_word' id='word_1_298' title='bbox 380 5002 428 5037; x_wconf 84' lang='lat' dir='ltr'><strong>orn.</strong></span> <span class='ocrx_word' id='word_1_299' title='bbox 448 4984 477 5035; x_wconf 91' lang='lat' dir='ltr'><em>F</em></span> <span class='ocrx_word' id='word_1_300' title='bbox 579 4985 612 5038; x_wconf 88' lang='grc'><strong>18</strong></span> <span class='ocrx_word' id='word_1_301' title='bbox 635 4988 733 5039; x_wconf 84' lang='lat' dir='ltr'><strong>videret</strong></span> <span class='ocrx_word' id='word_1_302' title='bbox 751 4986 779 5037; x_wconf 96' lang='lat' dir='ltr'><em>F</em></span> <span class='ocrx_word' id='word_1_303' title='bbox 879 4984 915 5036; x_wconf 90' lang='grc'>20</span> <span class='ocrx_word' id='word_1_304' title='bbox 937 4988 1061 5054; x_wconf 86' lang='lat' dir='ltr'><strong>tegeticus</strong></span> <span class='ocrx_word' id='word_1_305' title='bbox 1079 4988 1152 5038; x_wconf 84' lang='lat' dir='ltr'><strong>codd.</strong></span> <span class='ocrx_word' id='word_1_306' title='bbox 1223 4988 1315 5040; x_wconf 88' lang='lat' dir='ltr'><strong>archas</strong></span> <span class='ocrx_word' id='word_1_307' title='bbox 1333 4987 1421 5047; x_wconf 66' lang='lat' dir='ltr'><strong>00de</strong></span> <span class='ocrx_word' id='word_1_308' title='bbox 1443 4989 1497 5039; x_wconf 87' lang='lat' dir='ltr'><strong>ales</strong></span> <span class='ocrx_word' id='word_1_309' title='bbox 1515 4987 1677 5055; x_wconf 77' lang='lat' dir='ltr'><strong>Bitrclrofsly</strong></span> <span class='ocrx_word' id='word_1_310' title='bbox 1781 4986 1812 5038; x_wconf 91' lang='grc'><strong>21</strong></span> <span class='ocrx_word' id='word_1_311' title='bbox 1832 4988 1921 5039; x_wconf 84' lang='lat' dir='ltr'><strong>fronde</strong></span> <span class='ocrx_word' id='word_1_312' title='bbox 1944 4986 2040 5039; x_wconf 79' lang='lat' dir='ltr'><em>TOFP</em></span> 
     </span>
     <span class='ocr_line' id='line_1_46' title="bbox 380 5069 2036 5138; baseline 0.002 -16"><span class='ocrx_word' id='word_1_313' title='bbox 380 5069 415 5122; x_wconf 89' lang='grc'><strong>22</strong></span> <span class='ocrx_word' id='word_1_314' title='bbox 432 5073 595 5122; x_wconf 84' lang='lat' dir='ltr'><strong>discenditl’</strong></span> <span class='ocrx_word' id='word_1_315' title='bbox 702 5070 736 5123; x_wconf 93' lang='grc'><strong>23</strong></span> <span class='ocrx_word' id='word_1_316' title='bbox 754 5073 926 5123; x_wconf 86' lang='lat' dir='ltr'><strong>indinenasP</strong></span> <span class='ocrx_word' id='word_1_317' title='bbox 993 5073 1087 5125; x_wconf 85' lang='lat' dir='ltr'><strong>deoM</strong></span> <span class='ocrx_word' id='word_1_318' title='bbox 1196 5073 1339 5125; x_wconf 71' lang='grc' dir='ltr'><strong>2401111Ί</strong></span> <span class='ocrx_word' id='word_1_319' title='bbox 1405 5075 1526 5127; x_wconf 78' lang='lat' dir='ltr'><strong>‹lorieaC</strong></span> <span class='ocrx_word' id='word_1_320' title='bbox 1592 5091 1670 5127; x_wconf 87' lang='lat' dir='ltr'><strong>cursu</strong></span> <span class='ocrx_word' id='word_1_321' title='bbox 1683 5074 1715 5138; x_wconf 85' lang='lat' dir='ltr'><strong>P,</strong></span> <span class='ocrx_word' id='word_1_322' title='bbox 1733 5091 1812 5126; x_wconf 83' lang='lat' dir='ltr'><strong>curvo</strong></span> <span class='ocrx_word' id='word_1_323' title='bbox 1825 5073 1882 5137; x_wconf 64' lang='lat'><strong>111¹,</strong></span> <span class='ocrx_word' id='word_1_324' title='bbox 1899 5090 1976 5125; x_wconf 89' lang='lat' dir='ltr'><strong>curro</strong></span> <span class='ocrx_word' id='word_1_325' title='bbox 1987 5074 2036 5125; x_wconf 79' lang='lat' dir='ltr'><strong>M²</strong></span> 
     </span>
     <span class='ocr_line' id='line_1_47' title="bbox 377 5156 2035 5228; baseline 0.002 -20"><span class='ocrx_word' id='word_1_326' title='bbox 377 5156 411 5208; x_wconf 74' lang='lat' dir='ltr'><strong>ab</strong></span> <span class='ocrx_word' id='word_1_327' title='bbox 434 5168 522 5211; x_wconf 87' lang='lat' dir='ltr'><strong>suetos</strong></span> <span class='ocrx_word' id='word_1_328' title='bbox 540 5160 574 5209; x_wconf 73' lang='lat' dir='ltr'><strong>il!</strong></span> <span class='ocrx_word' id='word_1_329' title='bbox 666 5161 779 5211; x_wconf 76' lang='lat' dir='ltr'><strong>aaronita</strong></span> <span class='ocrx_word' id='word_1_330' title='bbox 799 5160 825 5209; x_wconf 87' lang='lat' dir='ltr'><em>P</em></span> <span class='ocrx_word' id='word_1_331' title='bbox 956 5159 1150 5213; x_wconf 71' lang='lat' dir='ltr'><strong>adsererent</strong></span> <span class='ocrx_word' id='word_1_332' title='bbox 1245 5163 1342 5228; x_wconf 85' lang='lat' dir='ltr'><strong>ubique</strong></span> <span class='ocrx_word' id='word_1_333' title='bbox 1361 5162 1405 5213; x_wconf 71' lang='lat' dir='ltr'><strong>Fa</strong></span> <span class='ocrx_word' id='word_1_334' title='bbox 1538 5160 1571 5212; x_wconf 83' lang='grc'><strong>21</strong></span> <span class='ocrx_word' id='word_1_335' title='bbox 1593 5169 1620 5212; x_wconf 89' lang='lat' dir='ltr'><strong>et</strong></span> <span class='ocrx_word' id='word_1_336' title='bbox 1643 5179 1691 5212; x_wconf 81' lang='lat' dir='ltr'><strong>oar.</strong></span> <span class='ocrx_word' id='word_1_337' title='bbox 1709 5161 1738 5212; x_wconf 92' lang='lat' dir='ltr'><em>F</em></span> <span class='ocrx_word' id='word_1_338' title='bbox 1833 5160 1940 5227; x_wconf 83' lang='lat' dir='ltr'><strong>protheo</strong></span> <span class='ocrx_word' id='word_1_339' title='bbox 1959 5160 2035 5211; x_wconf 79' lang='lat' dir='ltr'><strong>codd.</strong></span> 
     </span>
     <span class='ocr_line' id='line_1_48' title="bbox 303 5242 2034 5315; baseline 0.003 -22"><span class='ocrx_word' id='word_1_340' title='bbox 303 5308 306 5313; x_wconf 20' lang='grc' dir='ltr'>ι</span> <span class='ocrx_word' id='word_1_341' title='bbox 376 5242 411 5293; x_wconf 79' lang='grc'>28</span> <span class='ocrx_word' id='word_1_342' title='bbox 433 5244 530 5312; x_wconf 81' lang='lat' dir='ltr'><strong>longua</strong></span> <span class='ocrx_word' id='word_1_343' title='bbox 552 5246 577 5295; x_wconf 87' lang='lat' dir='ltr'><strong>T</strong></span> <span class='ocrx_word' id='word_1_344' title='bbox 662 5247 707 5297; x_wconf 85' lang='lat' dir='ltr'><strong>diu</strong></span> <span class='ocrx_word' id='word_1_345' title='bbox 725 5246 754 5296; x_wconf 89' lang='lat' dir='ltr'><em>F</em></span> <span class='ocrx_word' id='word_1_346' title='bbox 871 5244 903 5296; x_wconf 86' lang='lat'><strong>31</strong></span> <span class='ocrx_word' id='word_1_347' title='bbox 927 5248 1038 5313; x_wconf 87' lang='lat' dir='ltr'><strong>cybebes</strong></span> <span class='ocrx_word' id='word_1_348' title='bbox 1057 5248 1088 5312; x_wconf 87' lang='lat' dir='ltr'><strong>P,</strong></span> <span class='ocrx_word' id='word_1_349' title='bbox 1111 5249 1214 5315; x_wconf 87' lang='lat' dir='ltr'><strong>cybeles</strong></span> <span class='ocrx_word' id='word_1_350' title='bbox 1233 5248 1266 5312; x_wconf 91' lang='lat' dir='ltr'><strong>F,</strong></span> <span class='ocrx_word' id='word_1_351' title='bbox 1289 5249 1384 5300; x_wconf 88' lang='lat' dir='ltr'><strong>cibcles</strong></span> <span class='ocrx_word' id='word_1_352' title='bbox 1405 5250 1432 5312; x_wconf 78' lang='lat' dir='ltr'><strong>(l,</strong></span> <span class='ocrx_word' id='word_1_353' title='bbox 1457 5250 1561 5315; x_wconf 86' lang='lat' dir='ltr'><strong>cybeles</strong></span> <span class='ocrx_word' id='word_1_354' title='bbox 1584 5248 1612 5312; x_wconf 88' lang='lat' dir='ltr'><strong>T,</strong></span> <span class='ocrx_word' id='word_1_355' title='bbox 1635 5247 1717 5299; x_wconf 88' lang='lat' dir='ltr'><strong>cibele</strong></span> <span class='ocrx_word' id='word_1_356' title='bbox 1735 5246 1768 5296; x_wconf 87' lang='lat' dir='ltr'><em>M</em></span> <span class='ocrx_word' id='word_1_357' title='bbox 1885 5242 1919 5296; x_wconf 86' lang='grc'><strong>32</strong></span> <span class='ocrx_word' id='word_1_358' title='bbox 1939 5246 2034 5312; x_wconf 89' lang='lat' dir='ltr'><strong>phebe·</strong></span> 
     </span>
     <span class='ocr_line' id='line_1_49' title="bbox 376 5330 2037 5401; baseline 0.003 -22"><span class='ocrx_word' id='word_1_359' title='bbox 376 5330 528 5396; x_wconf 84' lang='lat' dir='ltr'><strong>phebuaque</strong></span> <span class='ocrx_word' id='word_1_360' title='bbox 540 5331 572 5380; x_wconf 81' lang='lat' dir='ltr'><em>M</em></span> <span class='ocrx_word' id='word_1_361' title='bbox 673 5331 708 5383; x_wconf 89' lang='grc'><strong>34</strong></span> <span class='ocrx_word' id='word_1_362' title='bbox 726 5334 803 5384; x_wconf 90' lang='lat' dir='ltr'><strong>etiam</strong></span> <span class='ocrx_word' id='word_1_363' title='bbox 821 5351 869 5384; x_wconf 87' lang='lat' dir='ltr'><strong>om.</strong></span> <span class='ocrx_word' id='word_1_364' title='bbox 887 5333 924 5383; x_wconf 81' lang='grc' dir='ltr'><strong>Τ·</strong></span> <span class='ocrx_word' id='word_1_365' title='bbox 1029 5332 1064 5384; x_wconf 74' lang='lat'><strong>35</strong></span> <span class='ocrx_word' id='word_1_366' title='bbox 1082 5337 1141 5400; x_wconf 88' lang='lat' dir='ltr'><strong>equi</strong></span> <span class='ocrx_word' id='word_1_367' title='bbox 1159 5335 1191 5384; x_wconf 85' lang='lat' dir='ltr'><em>M</em></span> <span class='ocrx_word' id='word_1_368' title='bbox 1259 5336 1296 5385; x_wconf 78' lang='lat' dir='ltr'><strong>sic</strong></span> <span class='ocrx_word' id='word_1_369' title='bbox 1313 5335 1396 5399; x_wconf 73' lang='lat' dir='ltr'><strong>codd,</strong></span> <span class='ocrx_word' id='word_1_370' title='bbox 1414 5335 1459 5387; x_wconf 82' lang='lat' dir='ltr'><strong>aad</strong></span> <span class='ocrx_word' id='word_1_371' title='bbox 1476 5351 1537 5401; x_wconf 81' lang='lat' dir='ltr'><strong>arpa</strong></span> <span class='ocrx_word' id='word_1_372' title='bbox 1554 5333 1658 5398; x_wconf 65' lang='lat' dir='ltr'><strong>Tom-</strong></span> <span class='ocrx_word' id='word_1_373' title='bbox 1675 5333 1769 5384; x_wconf 86' lang='lat' dir='ltr'><strong>Pollux</strong></span> <span class='ocrx_word' id='word_1_374' title='bbox 1788 5341 1884 5395; x_wconf 72' lang='lat' dir='ltr'><strong>caestre,</strong></span> <span class='ocrx_word' id='word_1_375' title='bbox 1902 5332 2037 5384; x_wconf 84' lang='lat' dir='ltr'><strong>Danaeius</strong></span> 
     </span>
     <span class='ocr_line' id='line_1_50' title="bbox 377 5415 2037 5488; baseline 0.003 -23"><span class='ocrx_word' id='word_1_376' title='bbox 377 5415 455 5483; x_wconf 87' lang='lat' dir='ltr'><strong>harpe</strong></span> <span class='ocrx_word' id='word_1_377' title='bbox 473 5417 646 5482; x_wconf 75' lang='lat' dir='ltr'><strong>ll&#39;ilomowitr,</strong></span> <span class='ocrx_word' id='word_1_378' title='bbox 663 5426 751 5471; x_wconf 86' lang='lat' dir='ltr'><strong>caestu</strong></span> <span class='ocrx_word' id='word_1_379' title='bbox 769 5420 895 5485; x_wconf 88' lang='lat' dir='ltr'><strong>Polluces,</strong></span> <span class='ocrx_word' id='word_1_380' title='bbox 915 5423 1023 5472; x_wconf 88' lang='lat' dir='ltr'><strong>Perseus</strong></span> <span class='ocrx_word' id='word_1_381' title='bbox 1041 5422 1119 5488; x_wconf 87' lang='lat' dir='ltr'><strong>harpe</strong></span> <span class='ocrx_word' id='word_1_382' title='bbox 1138 5421 1189 5472; x_wconf 82' lang='lat' dir='ltr'><strong>Len</strong></span> <span class='ocrx_word' id='word_1_383' title='bbox 1292 5420 1326 5474; x_wconf 87' lang='grc'><strong>36</strong></span> <span class='ocrx_word' id='word_1_384' title='bbox 1345 5424 1450 5474; x_wconf 88' lang='lat' dir='ltr'><strong>flumine</strong></span> <span class='ocrx_word' id='word_1_385' title='bbox 1468 5421 1497 5472; x_wconf 97' lang='lat' dir='ltr'><em>F</em></span> <span class='ocrx_word' id='word_1_386' title='bbox 1594 5418 1628 5470; x_wconf 87' lang='lat'><strong>39</strong></span> <span class='ocrx_word' id='word_1_387' title='bbox 1646 5421 1710 5471; x_wconf 81' lang='lat' dir='ltr'><strong>solio</strong></span> <span class='ocrx_word' id='word_1_388' title='bbox 1728 5437 1776 5469; x_wconf 75' lang='lat' dir='ltr'><strong>oua</strong></span> <span class='ocrx_word' id='word_1_389' title='bbox 1789 5418 1817 5468; x_wconf 94' lang='lat' dir='ltr'><em>F</em></span> <span class='ocrx_word' id='word_1_390' title='bbox 1915 5415 1951 5467; x_wconf 88' lang='grc'>42</span> <span class='ocrx_word' id='word_1_391' title='bbox 1969 5418 2037 5470; x_wconf 89' lang='lat' dir='ltr'><strong>beri·</strong></span> 
     </span>
     <span class='ocr_line' id='line_1_51' title="bbox 378 5500 2042 5574; baseline 0.003 -23"><span class='ocrx_word' id='word_1_392' title='bbox 378 5500 443 5552; x_wconf 84' lang='lat' dir='ltr'><strong>donc</strong></span> <span class='ocrx_word' id='word_1_393' title='bbox 461 5501 547 5565; x_wconf 79' lang='lat' dir='ltr'><em>MOF,</em></span> <span class='ocrx_word' id='word_1_394' title='bbox 569 5503 699 5556; x_wconf 85' lang='lat' dir='ltr'><strong>heridiane</strong></span> <span class='ocrx_word' id='word_1_395' title='bbox 718 5505 743 5555; x_wconf 89' lang='lat' dir='ltr'><em>P</em></span> <span class='ocrx_word' id='word_1_396' title='bbox 857 5504 892 5557; x_wconf 88' lang='grc'><strong>43</strong></span> <span class='ocrx_word' id='word_1_397' title='bbox 910 5508 995 5572; x_wconf 88' lang='lat' dir='ltr'><strong>equite</strong></span> <span class='ocrx_word' id='word_1_398' title='bbox 1013 5508 1046 5557; x_wconf 70' lang='lat' dir='ltr'><strong>ill</strong></span> <span class='ocrx_word' id='word_1_399' title='bbox 1159 5505 1193 5557; x_wconf 84' lang='grc'><strong>44</strong></span> <span class='ocrx_word' id='word_1_400' title='bbox 1212 5516 1270 5559; x_wconf 87' lang='lat' dir='ltr'><strong>note</strong></span> <span class='ocrx_word' id='word_1_401' title='bbox 1288 5509 1348 5574; x_wconf 83' lang='lat' dir='ltr'><strong>plus</strong></span> <span class='ocrx_word' id='word_1_402' title='bbox 1365 5507 1417 5559; x_wconf 82' lang='lat' dir='ltr'><strong>Leo</strong></span> <span class='ocrx_word' id='word_1_403' title='bbox 1535 5503 1569 5556; x_wconf 75' lang='grc'><strong>411</strong></span> <span class='ocrx_word' id='word_1_404' title='bbox 1587 5513 1655 5557; x_wconf 88' lang='lat' dir='ltr'><strong>ercet</strong></span> <span class='ocrx_word' id='word_1_405' title='bbox 1671 5506 1704 5556; x_wconf 82' lang='lat' dir='ltr'><em>M</em></span> <span class='ocrx_word' id='word_1_406' title='bbox 1707 5513 1721 5542; x_wconf 81' lang='lat'>⁸</span> <span class='ocrx_word' id='word_1_407' title='bbox 1837 5502 1871 5554; x_wconf 91' lang='grc'><strong>46</strong></span> <span class='ocrx_word' id='word_1_408' title='bbox 1889 5512 1995 5555; x_wconf 79' lang='lat' dir='ltr'><strong>curvata</strong></span> <span class='ocrx_word' id='word_1_409' title='bbox 2010 5503 2042 5556; x_wconf 89' lang='lat' dir='ltr'><em>F</em></span> 
     </span>
    </p>
   </div>
   <div class='ocr_carea' id='block_1_5' title="bbox 377 5581 2041 5740">
    <p class='ocr_par' dir='ltr' id='par_1_13' title="bbox 377 5581 2041 5740">
     <span class='ocr_line' id='line_1_52' title="bbox 377 5581 2041 5663; baseline 0.005 -27"><span class='ocrx_word' id='word_1_410' title='bbox 377 5581 410 5636; x_wconf 80' lang='grc'><strong>41</strong></span> <span class='ocrx_word' id='word_1_411' title='bbox 428 5588 569 5654; x_wconf 87' lang='lat' dir='ltr'><strong>pindentP</strong></span> <span class='ocrx_word' id='word_1_412' title='bbox 628 5592 711 5642; x_wconf 84' lang='lat' dir='ltr'><strong>crines</strong></span> <span class='ocrx_word' id='word_1_413' title='bbox 729 5610 776 5644; x_wconf 75' lang='lat' dir='ltr'><strong>one.</strong></span> <span class='ocrx_word' id='word_1_414' title='bbox 791 5593 822 5643; x_wconf 82' lang='lat' dir='ltr'><em>M</em></span> <span class='ocrx_word' id='word_1_415' title='bbox 915 5592 950 5644; x_wconf 86' lang='grc'><strong>48</strong></span> <span class='ocrx_word' id='word_1_416' title='bbox 963 5595 1069 5646; x_wconf 83' lang='lat' dir='ltr'><strong>vulvera</strong></span> <span class='ocrx_word' id='word_1_417' title='bbox 1081 5595 1113 5657; x_wconf 88' lang='lat' dir='ltr'><strong>P,</strong></span> <span class='ocrx_word' id='word_1_418' title='bbox 1131 5595 1238 5645; x_wconf 79' lang='lat' dir='ltr'><strong>vulnero</strong></span> <span class='ocrx_word' id='word_1_419' title='bbox 1255 5595 1304 5646; x_wconf 80' lang='lat' dir='ltr'><strong>TF</strong></span> <span class='ocrx_word' id='word_1_420' title='bbox 1367 5595 1529 5663; x_wconf 82' lang='lat' dir='ltr'><strong>inpigiturl’</strong></span> <span class='ocrx_word' id='word_1_421' title='bbox 1623 5591 1755 5661; x_wconf 77' lang='lat' dir='ltr'><strong>lrllpiisT</strong></span> <span class='ocrx_word' id='word_1_422' title='bbox 1847 5590 2041 5644; x_wconf 70' lang='lat' dir='ltr'><strong>elnonensi</strong></span> 
     </span>
     <span class='ocr_line' id='line_1_53' title="bbox 379 5671 2028 5740; baseline 0.01 -18"><span class='ocrx_word' id='word_1_423' title='bbox 379 5671 692 5740; x_wconf 67' lang='grc' dir='ltr'><strong>1121111111111111111111131ιι</strong></span> <span class='ocrx_word' id='word_1_424' title='bbox 764 5682 812 5733; x_wconf 86' lang='lat' dir='ltr'><strong>fnit</strong></span> <span class='ocrx_word' id='word_1_425' title='bbox 832 5681 874 5733; x_wconf 79' lang='lat'><strong>0·</strong></span> <span class='ocrx_word' id='word_1_426' title='bbox 2026 5710 2028 5714; x_wconf 50' lang='lat'><em>⁷</em></span> 
     </span>
    </p>
   </div>
   <div class='ocr_carea' id='block_1_6' title="bbox 0 0 2243 6212">
    <p class='ocr_par' dir='ltr' id='par_1_14' title="bbox 0 0 2243 6212">
     <span class='ocr_line' id='line_1_54' title="bbox 0 0 2243 6212; baseline 0 0"><span class='ocrx_word' id='word_1_427' title='bbox 0 0 2243 6212; x_wconf 95' lang='lat' dir='ltr'><strong> </strong></span> 
     </span>
    </p>
   </div>
  </div>
 </body>
</html>
