4462 6216
845 357 1235 426 feretranensium
1256 359 1462 415 rtrum

1130 603 1192 671 Π.

457 745 636 813 nomo
658 743 933 810 Bsfflssnro
954 742 1014 807 ΕΤ
1037 741 1195 808 suno
1217 741 1323 807 llIHl
1346 741 1535 807 noxalis:
1556 742 1680 808 mu
1701 742 1858 809 oms

380 849 721 915 arscensem-lu
747 846 1025 913 EXCOLRNDO
1053 846 1219 910 FRATRI
1249 844 1438 911 anrcro
1468 845 1690 911 srlscopo
1718 846 1938 912 PAFS'ITS.

286 1011 297 1068 Ι
441 987 563 1080 Tssrs
585 1017 664 1079 mihi
687 1015 729 1080 de
752 1015 851 1078 animi
875 1014 974 1076 vestri
997 1012 1201 1096 benignitate
1223 1010 1342 1074 fiducia
1364 1022 1432 1076 est.
1460 1028 1496 1074 ut
1517 1032 1561 1074 ex
1590 1013 1664 1076 eius
1692 1012 1785 1077 tonte
1807 1014 1986 1099 purissimo

333 1140 396 1182 non
420 1120 485 1182 iam
507 1121 596 1183 solus
619 1119 749 1183 haurire
772 1126 944 1181 contentus
965 1117 1038 1180 sinn
1061 1116 1120 1180 sed
1142 1117 1224 1179 alios
1247 1136 1389 1200 quoqne.
1409 1117 1465 1200 qui
1479 1116 1551 1178 eius
1563 1136 1627 1180 usu
1641 1136 1770 1180 meeum
1784 1118 1984 1200 reficiantur,
2021 1134 2034 1172 ⁵

334 1224 484 1289 invitem:
506 1225 701 1308 praesertim
725 1242 798 1286 curn
820 1232 996 1306 prorogata
1018 1220 1114 1284 liuius
1138 1221 1273 1303 largitas
1297 1221 1330 1283 in
1353 1220 1480 1283 lucrum
1495 1230 1643 1284 transeat
1656 1220 1827 1306 largientis
1842 1224 1983 1308 eiusque

334 1324 420 1391 bono
441 1328 488 1390 ita
508 1336 698 1391 muneretur
720 1326 901 1410 accipiens,
931 1332 968 1386 ut
994 1344 1061 1387 non
1089 1325 1268 1387 minoretur
1290 1324 1481 1408 impertiens
1503 1330 1538 1386 et
1559 1323 1593 1386 in
1623 1344 1748 1388 morem
1776 1324 1902 1391 fenoris
1930 1327 1984 1391 sui

335 1442 462 1494 crescat
489 1432 662 1516 expensis.
694 1428 825 1493 domine
851 1428 1043 1492 beatissime
1070 1436 1103 1492 et
1134 1448 1261 1491 summo
1288 1427 1367 1490 milri
1389 1427 1513 1491 bonore
1535 1436 1613 1491 ante
1637 1450 1751 1493 omnes
1774 1431 1987 1514 singulariter

282 1536 303 1596 2
334 1533 527 1599 excolende.
570 1534 620 1596 his
642 1536 753 1618 itaque
775 1534 922 1597 caritatis
944 1532 1197 1596 inexsolubilem
1223 1532 1431 1616 pensionem.
1461 1552 1526 1615 quo
1551 1531 1709 1595 solventis
1735 1535 1840 1617 mag'n
1865 1555 1987 1599 census

335 1636 500 1703 dilatetur.
530 1638 670 1701 exhibeo
699 1647 733 1701 et
759 1638 930 1701 materiam
959 1637 1034 1700 boni
1065 1637 1174 1721 operis
1203 1637 1354 1719 ingerere
1382 1657 1443 1721 pro
1470 1635 1675 1699 laborantum
1697 1638 1984 1706 commendatione
2010 1656 2034 1694 ¹⁰

334 1761 521 1826 praesumo,
554 1741 631 1825 quia
658 1741 910 1805 insinuationem
940 1760 1047 1804 meam
1074 1739 1116 1803 ad
1142 1740 1283 1803 fructum
1306 1746 1451 1803 restrum
1479 1739 1644 1824 pertinere
1671 1741 1817 1811 conlido.
1851 1750 1887 1807 et
1907 1742 1984 1809 ideo

334 1843 602 1921 misericordiam,
625 1866 723 1930 quarn
744 1844 874 1908 orneris
896 1843 1121 1908 ecclesiastica
1142 1842 1303 1927 praebere
1326 1844 1497 1906 consuerit
1518 1842 1714 1923 humanitas,
1742 1844 1861 1910 barum
1884 1847 1987 1934 porti·

283 1950 304 2013 3
335 1950 414 2027 tori,
443 1949 553 2034 quiin
575 1947 789 2034 Lugdunensi
812 1947 947 2034 pertulit
975 1948 1215 2032 captivitatem.
1246 1967 1369 2031 negare
1396 1966 1460 2009 non
1487 1947 1590 2032 potui
1633 1948 1758 2012 utinam
1784 1956 1853 2013 tam
1881 1952 1989 2038 possit

335 2061 487 2137 prompta
508 2071 582 2115 esse
604 2050 750 2115 fidelium
773 2051 920 2135 largitas.
942 2071 1040 2135 quam
1063 2051 1159 2114 huius
1181 2051 1277 2114 nimis
1301 2050 1475 2113 manifesta
1497 2051 1679 2114 necessitas
1700 2057 1766 2116 est!
1802 2056 1939 2139 etquis
1952 2055 1988 2120 in

336 2175 373 2219 se
395 2155 601 2239 aliquatenus
622 2154 806 2231 absolutus,
835 2155 868 2217 in
896 2156 1009 2218 uxoris
1032 2155 1084 2218 rel
1114 2155 1252 2218 filiorum
1283 2162 1415 2219 tenetur
1443 2156 1602 2218 servitute
1632 2156 1798 2241 captirus,
1827 2157 1986 2242 praelatis
2012 2173 2035 2211 ¹³

337 2256 464 2337 officiis,
487 2277 620 2343 quaeso,
642 2266 679 2321 ut
701 2278 824 2321 morem
847 2257 1059 2342 benignitatis
1082 2272 1213 2322 restrae
1236 2258 1338 2322 etiam
1360 2258 1393 2320 in
1416 2258 1512 2321 huius
1535 2259 1762 2324 consolatione
1784 2263 1929 2325 teneatis
1951 2268 1987 2327 et

284 2366 304 2424 t
335 2360 423 2447 apud
453 2362 672 2446 antepositos,
707 2382 773 2446 quo
800 2363 1003 2448 poposcerit.
1036 2361 1154 2424 litteris
1183 2362 1405 2446 prosequaris.
1449 2363 1600 2426 conservi
1621 2363 1700 2427 mei.
1729 2364 1906 2449 praecipue
1928 2364 1989 2429 ad·

336 2466 471 2528 mirator
482 2474 593 2529 vester
603 2464 705 2529 trater
715 2485 810 2529 meus
824 2465 998 2551 presbyter
1008 2465 1189 2531 Memorius
1204 2487 1331 2530 mecum
1348 2467 1614 2530 reverentissime
1629 2468 1803 2553 sospitant
1836 2468 1990 2534 dominus

336 2566 419 2632 deus
441 2576 553 2633 noster
573 2589 751 2633 memorem
774 2571 841 2633 mei
863 2570 950 2654 piam
973 2568 1208 2635 beatitudinem
1231 2577 1374 2633 vestram
1397 2569 1558 2633 ecclesiae
1581 2591 1661 2634 suae
1682 2571 1886 2656 profectibus
1901 2572 1990 2638 felici

337 2671 558 2755 longaevitate
586 2681 776 2737 conservet.
804 2671 934 2738 domine
964 2675 1152 2739 beatissime
1176 2684 1209 2738 et
1232 2693 1359 2736 summo
1382 2673 1460 2735 mihi
1483 2673 1607 2737 honore
1629 2683 1705 2738 ante
1727 2696 1843 2739 omnes
1870 2675 1987 2760 singn-
2013 2688 2039 2728 θ

341 2775 455 2839 lariter
476 2774 659 2840 excolende
680 2774 792 2839 irater.

1142 2946 1185 3012 Y.

330 3083 510 3151 Dorilxo
525 3083 810 3163 Bunulssnro,
824 3083 994 3149 DEBITA
1010 3083 1205 3149 PIETATE
1223 3083 1523 3150 susplulnxno
1539 3085 1692 3160 ardun
1708 3088 1997 3156 APOSTOLIOA

520 3186 635 3253 SRDE
658 3187 925 3253 chnlssnro
948 3189 1116 3254 FRATRI
1139 3188 1328 3254 RURICIO
1351 3188 1572 3254 EPISCOPO
1594 3190 1809 3257 FAUSTUS.

288 3331 301 3390 ¹
443 3305 597 3401 Generis
618 3334 660 3399 ad
682 3356 752 3415 vos,
775 3335 852 3400 dum
869 3336 962 3399 robis
985 3335 1026 3400 de
1049 3337 1156 3422 patria
1179 3337 1361 3419 scribimus,
1383 3339 1439 3423 qui
1459 3338 1556 3402 nobis
1578 3340 1719 3424 patriam
1742 3340 1774 3403 in
1794 3342 1989 3426 peregrina-
2015 3354 2040 3395 δ

336 3440 425 3504 tione
455 3439 594 3504 lecistis.
627 3440 682 3524 qui
711 3439 877 3504 indelessa
902 3440 1102 3506 liberalitate
1130 3444 1256 3527 patriae
1285 3441 1448 3507 desideria
1479 3444 1703 3528 temperastis,
1732 3444 1797 3506 rim
1823 3444 1992 3528 quandam

338 3543 468 3607 divinae
491 3544 632 3607 iustitiae
656 3542 907 3608 succedentibus
929 3544 993 3609 sibi
1025 3544 1193 3610 beneficiis
1223 3545 1416 3623 inferentes,
1448 3554 1486 3610 ut
1514 3545 1601 3632 quod
1630 3547 1788 3611 intulerat
1815 3547 1859 3611 ad
1888 3550 1990 3613 casti·

338 3648 504 3732 gationem
527 3653 734 3711 converteret
756 3646 798 3711 ad
820 3647 996 3727 honorem,
1026 3648 1189 3713 conterret
1216 3648 1258 3713 ad
1291 3651 1561 3729 consolationem,
1591 3658 1734 3715 mutaret
1761 3649 1804 3715 ad
1830 3653 1992 3736 requiem,

338 3751 456 3814 merita
479 3758 589 3815 restra
612 3752 904 3836 praetermitteret,
934 3764 970 3815 ut
993 3758 1106 3816 nostra
1130 3754 1326 3825 cumularet,
1349 3753 1461 3818 debita
1485 3753 1682 3818 obliviscens
1705 3762 1740 3818 et
1762 3754 1852 3818 lucra
1873 3763 1989 3821 nostra

338 3854 576 3939 multiplicans:
604 3854 692 3939 apud
713 3862 871 3939 utrasque
893 3863 1005 3940 partes
1027 3855 1284 3940 magnitudinem
1307 3877 1388 3921 suae
1411 3857 1567 3922 bonitatis
1590 3878 1763 3933 exercens,
1790 3879 1851 3923 nos
1874 3865 1987 3925 restro
2014 3871 2040 3912 ⁸·

288 3961 308 4021 2
339 3957 556 4043 locupletaret
579 3957 745 4043 obsequio,
768 3979 827 4022 ros
849 3965 960 4024 nostro
984 3958 1103 4023 ditaret
1127 3960 1255 4025 exsilio.
1299 3959 1386 4025 unde
1409 3961 1532 4024 iactum
1555 3968 1616 4041 est,
1639 3969 1676 4026 ut
1691 3962 1755 4025 iarn
1770 3963 1803 4025 in
1819 3964 1990 4047 praesenti

339 4059 604 4126 benedictionem
634 4060 816 4125 futurorum
849 4062 1025 4147 impatiens
1054 4062 1258 4150 dispensaret
1282 4070 1314 4128 et
1337 4063 1565 4129 fidelissimum
1587 4065 1744 4129 famulum
1768 4086 1864 4130 suum
1886 4087 1989 4154 super

341 4163 572 4229 candelabrum
603 4163 720 4227 domus
748 4186 843 4243 suae,
875 4175 1072 4252 cooperante
1100 4167 1338 4249 misericordia,
1369 4169 1511 4241 iustitia,
1540 4171 1742 4247 sinceritate,
1772 4172 1989 4253 continentia,

288 4272 308 4335 3
339 4268 557 4356 benignitate,
587 4268 621 4334 id
644 4279 694 4335 est
717 4270 906 4337 domesticis
930 4272 1217 4358 suffragatoribus,
1246 4272 1449 4338 sublimaret.
1494 4294 1572 4338 ecce
1595 4274 1683 4359 quali
1706 4274 1813 4359 pretio
1834 4273 1990 4340 Ruricius

339 4395 431 4439 meus
455 4393 616 4438 summum
639 4373 858 4439 sacerdotium
882 4378 1091 4463 comparavit.
1135 4376 1224 4441 unde
1247 4379 1327 4441 emit
1349 4378 1457 4463 ipsum
1480 4386 1530 4442 est
1553 4377 1640 4463 quod
1663 4380 1755 4457 emit,
1784 4387 1818 4442 et
1840 4380 1984 4445 testibus
2014 4393 2039 4433 ³⁵

338 4480 479 4566 propriis
509 4479 782 4560 acclamantibus,
813 4480 847 4544 iu
871 4502 906 4546 se
930 4481 1063 4545 honoris
1087 4502 1205 4545 causas
1230 4480 1344 4565 reluga
1367 4480 1498 4546 honoris
1523 4481 1682 4548 exhibuit.
1726 4490 1853 4546 tanturn
1876 4484 1990 4569 itaque

288 4588 307 4646 4
339 4604 456 4647 munus
480 4584 541 4647 scit
566 4584 598 4646 in
615 4582 736 4648 Christi
760 4585 890 4649 nomine
914 4584 1079 4649 custodire
1102 4586 1157 4670 qui
1181 4586 1277 4649 scivit
1298 4586 1480 4670 adquirere.
1525 4585 1640 4651 harum
1664 4594 1775 4651 autem
1794 4587 1987 4673 portitorem

342 4695 490 4751 sanctum
515 4687 742 4773 presbyterum
756 4688 959 4754 Florentium
983 4689 1061 4753 mihi
1085 4690 1148 4754 iam
1165 4688 1222 4753 diu
1237 4690 1402 4775 cognitum
1419 4698 1453 4755 et
1468 4689 1631 4777 exemplis
1648 4691 1795 4775 magistri
1812 4697 1845 4755 et
1859 4711 1989 4755 morum

340 4789 474 4855 floribus
496 4790 699 4872 adamatum,
724 4792 874 4877 quoniam
897 4814 956 4879 pro
979 4814 1156 4879 germanae
1180 4814 1259 4858 suae
1282 4794 1490 4859 absolutione
1505 4795 1743 4880 peregrinatur,
1767 4795 1908 4875 insinuo,
1932 4795 1990 4879 qui

288 4900 308 4959 5
338 4896 415 4959 mihi
448 4903 631 4982 opportuna
663 4904 775 4982 gratus
807 4897 965 4962 mediator
1000 4898 1149 4983 ingessit.
1201 4919 1331 4963 omnem
1365 4898 1496 4964 domurn
1529 4905 1687 4977 vestram,
1725 4901 1870 4963 seniores
1910 4919 1988 4963 curn
2016 4911 2043 4951 ⁴⁰

445 5102 457 5154 1
480 5102 524 5172 [v]
541 5106 568 5155 in
585 5124 634 5172 ary.
645 5106 725 5157 utinm
736 5106 823 5157 send
910 5105 928 5159 6
943 5108 1055 5158 inuicem
1069 5106 1093 5157 0
1179 5103 1310 5175 lionoris]
1325 5109 1338 5157 t
1346 5109 1457 5167 adlata
1475 5108 1500 5157 te
1515 5124 1547 5156 ns.
1560 5124 1610 5158 rec.
1623 5108 1685 5159 add.
1699 5109 1722 5159 G
1808 5107 1842 5160 10
1856 5108 1953 5160 dilatus
1966 5108 1991 5160 G

342 5187 372 5241 ll
392 5187 462 5258 quia]
481 5190 631 5254 anmms,
647 5194 709 5259 qnia
725 5192 786 5245 siu
890 5189 924 5243 13
940 5189 1004 5258 tam]
1023 5194 1209 5260 prumptaesG
1315 5193 1348 5245 15
1365 5194 1560 5261 aliquitcnusG
1630 5194 1763 5245 uxorssG
1831 5202 1952 5247 tenentur
1966 5195 1991 5247 G

341 5277 495 5343 captiuosG
563 5275 692 5344 praelatis]
711 5280 746 5345 cf.
763 5295 846 5345 aspra
857 5296 887 5344 p.
898 5282 957 5343 269,
975 5280 992 5329 l.
1004 5283 1037 5330 29
1140 5277 1173 5330 l'l
1191 5277 1345 5347 poposcerit]
1359 5280 1509 5344 Mommsen,
1525 5281 1688 5348 poposcerint
1702 5281 1726 5331 G
1794 5282 1913 5333 commi
1929 5279 1991 5346 mei]

339 5362 438 5428 scripsi,
456 5364 490 5425 cs.
503 5364 578 5430 infra
591 5382 619 5430 p.
632 5368 688 5428 271,
706 5366 722 5416 l.
737 5371 758 5429 1,
776 5369 903 5417 conserusr
921 5365 985 5416 sic
1076 5363 1111 5416 18
1127 5362 1256 5432 dominus]
1272 5366 1398 5429 Ocnieirsa,
1415 5367 1504 5419 dneG
1596 5365 1630 5417 22
1648 5364 1680 5434 V]
1698 5368 1726 5417 in
1743 5385 1792 5433 ηις.
1807 5369 1886 5419 minio
1903 5385 1954 5420 ser.
1966 5368 1992 5420 0

339 5446 375 5499 2⁷>
392 5450 491 5514 gratius
510 5451 533 5501 (1
602 5450 664 5501 dum
681 5449 765 5517 nobis]
783 5469 817 5503 ru.
834 5469 885 5503 rec.
902 5453 1096 5503 ramraeito
1203 5450 1237 5503 27
1255 5454 1447 5505 succidentibus
1464 5456 1488 5505 G
1556 5454 1689 5506 inferentis
1709 5454 1733 5504 0
1840 5452 1875 5504 29
1892 5451 1990 5522 uestra]

340 5534 463 5585 nostras}
514 5533 611 5602 nostra]
630 5538 754 5589 uestraG
806 5534 901 5605 nostra]
921 5538 1044 5589 nestraO
1130 5536 1166 5590 30
1182 5535 1279 5605 uestro]
1299 5548 1322 5590 st
1339 5557 1360 5590 s.
1373 5541 1391 5590 L
1406 5541 1430 5592 0
1514 5537 1549 5591 34
1566 5540 1725 5606 benignitate
1740 5540 1763 5590 G
1848 5538 1883 5592 39
1900 5559 1953 5608 quo
1967 5542 1992 5594 G

339 5621 537 5688 peregrinantur
551 5623 574 5673 (1
659 5621 695 5675 40
707 5621 859 5693 opportuna}
872 5625 972 5691 aer-ipsi,
989 5627 1116 5691 oportuna
1131 5625 1168 5676 0,·
1185 5627 1332 5677 facultatem
1338 5628 1412 5693 forte
1424 5626 1586 5677 desideratur
1638 5622 1737 5693 gratus]
1753 5626 1776 5677 0
1828 5628 1991 5681 mediaturG

341 5713 453 5762 nostram
475 5709 499 5761 θ
