4462 6216
947 350 1083 407 SIDONll
1101 350 1299 405 CARMINUM

714 525 833 611 palmis
857 525 972 606 serica,
997 523 1165 609 torquibus
1189 544 1327 588 coronas

644 642 682 681 ⁴2⁵
715 629 869 715 coniungi
899 636 933 693 et
960 629 1110 693 meritum
1139 629 1350 707 remunerari,

714 733 806 797 vietis
829 734 877 798 ire
901 733 1018 798 iubens
1041 732 1121 797 satis
1144 731 1303 818 pudendis

715 837 800 901 villis
824 835 1079 902 versicoloribus
1103 841 1243 921 tapetas.

760 940 831 1005 Iam
854 961 933 1005 vero
956 939 1165 1005 iuvenalibus
1187 940 1330 1025 peractis

714 1065 812 1129 qucm
842 1052 875 1110 te
904 1044 1096 1130 praebueris
1125 1050 1283 1129 sequente
1312 1045 1345 1109 in
1373 1067 1455 1110 aero

716 1148 803 1213 intra
825 1149 933 1212 aulam
956 1149 1060 1214 soceri
1084 1148 1148 1213 mei
1172 1149 1337 1235 expetitus

714 1273 823 1316 curam
847 1273 921 1316 oum
945 1252 1132 1317 moderatus
1156 1274 1192 1317 es
1213 1251 1329 1334 Palati,

713 1355 836 1420 chartis
860 1355 1098 1442 posterioribus
1121 1357 1304 1442 loquemur,

714 1460 741 1523 si
764 1460 838 1544 plus
861 1459 1063 1544 temporibus
1086 1466 1183 1524 vacat
1205 1459 1337 1536 futuris

712 1584 798 1628 nune
822 1585 920 1650 quarn
940 1563 1083 1628 diximus
1107 1563 1366 1650 hospitalitatem

669 1684 680 1719 τι
713 1669 827 1754 paucis
850 1674 1007 1755 personet
1030 1669 1217 1754 obsequens
1240 1668 1368 1733 Thalia.

759 1771 787 1836 O
811 1772 917 1837 dulcis
943 1771 1070 1854 domus,
1094 1794 1113 1837 0
1136 1773 1180 1858 pii
1203 1781 1351 1858 penates,

713 1897 795 1961 quos
819 1874 889 1961 (res
912 1875 1052 1940 difficilis
1077 1875 1202 1961 sibique
1225 1875 1364 1962 discors)

712 1980 849 2045 libertas
872 1980 969 2044 simul
993 1981 1115 2045 excolit
1138 1979 1318 2067 pudorque!

712 2107 731 2149 o
755 2084 914 2166 convivia,
937 2084 1080 2165 fabulae,
1102 2085 1218 2165 libelli,

715 2190 809 2270 risus,
833 2189 981 2269 serietas,
1005 2188 1203 2270 dicacitates,

712 2315 876 2374 occursus,
900 2294 1074 2358 comitatus
1098 2314 1182 2358 unus
1205 2292 1302 2373 idem,

710 2418 769 2461 sen
792 2396 930 2462 delubra
951 2396 1003 2462 dei
1028 2396 1166 2462 colenda
1189 2397 1294 2475 nobis,

667 2539 672 2551 ·
711 2508 798 2566 tecta
820 2501 961 2567 illustria
984 2521 1042 2565 seu
1065 2500 1206 2566 videnda
1228 2501 1312 2577 Livi,

668 2642 672 2653 ·
711 2605 780 2670 sive
803 2604 845 2670 ad
867 2605 1055 2692 pontificem
1078 2604 1199 2690 gradus
1223 2604 1362 2677 ferendi,

711 2710 779 2774 sive
803 2709 843 2774 ad
867 2710 1010 2774 eulmina
1032 2709 1147 2774 Marcii
1171 2709 1326 2794 Myronis,

673 2828 678 2839 ·
712 2814 781 2879 sive
805 2813 846 2879 ad
870 2813 1047 2900 doctiloqui
1069 2813 1190 2878 Leonis
1215 2813 1316 2879 aedes

711 2916 789 3004 (quo
812 2917 863 2982 bis
888 2940 948 2983 sex
970 2917 1098 2982 tabulas
1121 2916 1261 2983 docente
1286 2918 1365 2982 iuris

709 3023 795 3086 ultro
820 3021 976 3087 Claudius
1000 3020 1129 3108 Appius
1153 3022 1273 3087 lateret

712 3126 800 3189 claro
824 3124 991 3190 obscurior
1013 3124 1045 3187 in
1068 3124 1305 3198 decemvimtm

653 3244 662 3279 ³¹
708 3236 742 3294 at
765 3230 793 3293 si
816 3229 904 3293 dicat
926 3250 1005 3315 epos
1028 3235 1232 3315 metrumque
1255 3230 1416 3316 rhythmis

709 3333 822 3399 flectat
844 3333 1046 3398 commaticis
1069 3339 1205 3398 tonante
1230 3334 1366 3420 plectro,

709 3436 898 3503 mordacem
920 3436 1020 3501 faeiat
1042 3437 1140 3502 silere
1164 3437 1329 3519 Flaccum,

710 3541 858 3626 quamvis
881 3546 958 3627 post
980 3541 1098 3605 satiras
1121 3542 1291 3627 lyramque
1315 3541 1430 3606 tendat

709 3646 765 3711 ille
789 3645 830 3710 ad
853 3645 1062 3710 Pindaricum
1086 3646 1197 3710 volare
1222 3646 1393 3731 cygnum):

653 3764 677 3799 δ’·
710 3771 771 3815 seu
794 3771 863 3831 nos,
887 3748 1018 3834 Magne,
1043 3757 1118 3813 tuus
1141 3750 1234 3814 favor
1256 3750 1400 3829 tenebat,

708 3854 819 3917 multis
842 3852 992 3939 praedite
1015 3852 1144 3917 dotibus
1169 3855 1321 3927 virorum,

708 3957 823 4037 forma,
847 3957 1030 4039 nobilitate,
1055 3964 1175 4037 mente,
1199 3979 1319 4025 censu:

709 4059 817 4147 (euius
841 4063 870 4125 si
893 4062 1001 4127 varios
1025 4083 1098 4126 eam
1121 4070 1307 4148 peractus,

708 4173 839 4231 centnm
862 4172 896 4230 et
919 4165 1029 4230 ferrea
1050 4166 1153 4229 lasset
1175 4187 1232 4229 ora
1255 4165 1362 4239 lande,

711 4276 877 4352 constans,
901 4269 1092 4355 ingeniosus
1117 4269 1310 4355 efficaxque,

706 4373 850 4459 prudens
879 4373 1010 4455 arbiter,
1040 4373 1180 4460 optimus
1208 4375 1422 4460 propinquus,

706 4478 752 4542 nil
775 4475 930 4542 fraudans
956 4475 1046 4562 genii
1070 4476 1131 4542 sibi
1156 4477 1208 4540 vel
1231 4476 1290 4540 ulli

704 4603 873 4669 personas,
896 4583 978 4661 loen,
1002 4586 1131 4667 tempus
1155 4580 1345 4669 intuendo):

706 4707 764 4752 seu
788 4707 848 4752 nos
871 4685 954 4750 atria
977 4691 1087 4751 vestra
1109 4686 1331 4763 continebant,

635 4805 673 4843 ⁴⁶1·
705 4790 898 4856 Marcelline
922 4810 1026 4870 meus,
1049 4791 1155 4875 perite
1180 4790 1290 4875 legum

708 4895 787 4981 (qui,
811 4915 913 4959 verax
936 4893 1030 4957 nimis
1054 4900 1087 4959 et
1111 4893 1205 4958 nimis
1230 4916 1377 4975 severus,

704 5020 803 5085 asper
826 4998 970 5064 crederis
993 5020 1068 5064 esse
1092 4999 1272 5075 nescienti;

708 5108 743 5166 at
766 5102 794 5166 si
818 5108 851 5166 te
874 5101 959 5167 bene
983 5103 1145 5188 quispiam
1169 5103 1331 5189 probavit,

293 5242 365 5251 ι--ι
380 5243 455 5249 ——..

388 5331 593 5402 42hconingiP
637 5330 834 5386 renumerariF
910 5328 961 5383 426
973 5330 1107 5398 pudendos
1115 5328 1258 5383 Buechder
1344 5327 1393 5383 1131
1410 5328 1721 5398 palatiiPTRpalaciiC
1797 5326 1849 5381 432
1861 5342 1946 5398 posta·

287 5416 407 5487 rioribus]
426 5436 486 5471 cnm
504 5419 690 5488 posteribnsF
789 5414 842 5470 440
859 5418 931 5469 visus
944 5416 973 5468 F
1072 5414 1121 5468 441
1142 5419 1273 5486 isdemque
1288 5418 1311 5471 0
1410 5416 1463 5469 445
1478 5426 1537 5485 porr
1552 5419 1642 5467 am
1659 5417 1775 5468 revocari
1838 5434 1866 5469 se
1883 5418 1945 5470 ΊὉ·

285 5506 389 5559 videndi
402 5504 431 5558 F
479 5507 533 5557 livii
552 5506 625 5558 codd.
718 5503 770 5558 443
788 5505 914 5557 referendi
929 5504 957 5567 0,
978 5504 1085 5557 feriendi
1098 5504 1125 5555 P
1207 5504 1259 5558 444
1277 5507 1361 5558 martii
1374 5506 1400 5559 P
1495 5504 1548 5556 450
1564 5504 1709 5556 atsdicntI'
1791 5503 1839 5556 451
1861 5522 1946 5559 coma·

284 5592 341 5643 ticin
357 5592 402 5642 Tc·
502 5590 555 5644 455
573 5592 712 5645 tenebit?
811 5590 863 5643 456
881 5590 1054 5659 praedit-nsF
1154 5588 1205 5643 457
1225 5601 1310 5644 mente
1328 5611 1377 5643 eor.
1393 5592 1418 5643 Τ
1518 5590 1571 5643 458
1590 5592 1674 5642 varias
1692 5591 1715 5641 '1’
1814 5590 1867 5643 464
1883 5608 1945 5647 eon·

284 5677 450 5730 tinobrrntl'
548 5677 601 5730 468
618 5686 644 5731 et
662 5677 690 5731 F
755 5680 892 5747 qnisquam
911 5678 940 5729 F
