4462 6216
947 339 1085 396 SIDONII
1103 340 1300 399 CARMINUM

698 521 732 580 et
754 521 788 580 te
811 515 956 581 earmina
978 535 1039 600 per
1060 513 1236 579 libidinosa

699 624 823 700 notum,
850 617 942 683 Naso
970 624 1074 699 tener,
1101 616 1287 703 Tomosque
1314 618 1460 699 missum,

700 722 864 808 quondam
887 720 1071 787 Caesareae
1095 720 1190 785 nimis
1214 722 1344 808 puellae

700 827 776 891 ficto
799 826 930 892 nomine
955 825 1119 892 subditum
1143 823 1328 890 Corinnae?

700 929 776 1016 quid
801 930 907 995 celsos
932 929 1077 995 Senecas
1100 930 1216 1016 loquar
1239 929 1291 995 vel
1314 929 1405 994 illum

700 1056 798 1120 quem
821 1034 878 1099 dat
899 1034 1030 1099 Bilbilis
1053 1035 1122 1099 alta
1144 1033 1339 1111 Martialem,

702 1147 862 1204 terrarum
883 1138 1056 1221 indigenas
1079 1138 1330 1204 Hibericarum?

653 1260 671 1297 »⁵
703 1244 781 1330 quid
805 1267 884 1331 quos
908 1245 1092 1332 duplicibus
1114 1245 1227 1331 iugata
1249 1244 1355 1309 taedis

701 1348 900 1436 Argentaria
921 1349 1059 1437 pallidat
1080 1355 1216 1436 poetas?

701 1454 779 1541 quid
801 1456 920 1520 multos
946 1455 1025 1519 rarii
1050 1455 1115 1519 stili
1138 1455 1309 1519 retexam?

700 1559 818 1645 arguti,
840 1559 956 1639 teneri,
977 1578 1108 1643 graves,
1132 1556 1272 1638 dicaces,

702 1665 728 1728 si
753 1662 952 1729 Consentius
975 1663 1079 1743 affuit,
1101 1661 1260 1727 latebant.

748 1765 835 1831 Huic
858 1766 976 1831 summi
998 1765 1121 1851 ingenii
1145 1764 1214 1829 viro
1238 1765 1397 1849 simulque

702 1890 849 1936 summae
873 1869 1053 1935 nobilitatis
1077 1875 1175 1954 atque
1198 1868 1321 1932 formae

704 1976 813 2041 iuncta
842 1982 893 2041 est
920 1975 1053 2051 femina,
1083 1994 1168 2059 quae
1196 1971 1327 2037 domum
1356 1970 1396 2035 ad
1425 1970 1532 2034 mariti

704 2079 803 2165 prisci
827 2079 967 2164 insignia
988 2077 1190 2143 transferens
1213 2077 1318 2142 Iovini

704 2183 854 2270 implevit
876 2181 1001 2247 trabeis
1022 2181 1126 2246 larem
1149 2180 1328 2267 sophistae.

660 2302 671 2337 »¹¹
705 2287 751 2351 sie
773 2286 859 2350 intra
882 2285 1030 2371 proprios
1053 2285 1113 2350 tibi
1137 2290 1285 2370 penates,

705 2389 872 2472 Consenti,
895 2390 1021 2477 patriae
1044 2388 1146 2454 decus
1171 2388 1360 2475 superbum,

703 2494 797 2559 fastis
821 2493 900 2559 vivit
922 2514 1003 2558 avus
1026 2500 1184 2579 paterque
1208 2492 1310 2557 libris.

751 2596 845 2662 Haec
869 2618 929 2683 per
952 2600 1126 2662 stemmata
1148 2602 1182 2661 te
1206 2596 1285 2661 satis
1308 2603 1488 2681 potentem.

705 2722 831 2765 morum
855 2700 995 2766 culmine
1019 2700 1077 2765 sed
1101 2701 1328 2786 potentiorem,

705 2825 770 2869 non
794 2804 918 2890 possim
941 2805 1058 2869 merita
1081 2825 1198 2870 sonare
1220 2804 1327 2885 laude,

705 2930 766 2974 nec
790 2909 818 2974 si
841 2930 893 2973 me
917 2907 1058 2994 Odrysio
1082 2928 1204 2972 canens
1228 2908 1261 2972 in
1284 2915 1386 2988 antro,

706 3034 770 3100 qua
793 3014 859 3078 late
883 3011 1122 3099 trepidantibus
1146 3012 1277 3077 fluentis

705 3123 817 3182 cautes
840 3137 901 3202 per
924 3115 1080 3182 Ciconum
1104 3118 1243 3182 resultat
1264 3116 1410 3197 Hebrus,

705 3222 857 3308 princeps
880 3220 1077 3286 instituisset
1099 3220 1154 3285 ille
1178 3228 1298 3301 ratum,

663 3363 667 3375 ·
706 3345 779 3389 cum
802 3324 916 3390 dulces
943 3324 1087 3389 animata
1108 3345 1190 3389 saxa
1216 3323 1355 3388 chordae

704 3428 829 3494 torrent
851 3448 910 3514 per
930 3427 1113 3514 Rhodopen
1135 3428 1287 3493 trahente
1311 3434 1407 3492 cantu

706 3537 740 3597 et
763 3551 859 3596 versa
882 3531 952 3596 vice
974 3531 1121 3597 lontibus
1144 3531 1254 3617 ligatis

707 3641 811 3701 terras
835 3657 966 3703 currere
990 3642 1147 3722 cogerent
1169 3636 1314 3713 anhelas,

706 3761 768 3804 nec
792 3761 856 3805 non
877 3739 1035 3805 Hismara
1058 3740 1182 3805 solibus
1205 3746 1357 3826 paterent

651 3884 656 3895 ·
707 3844 814 3909 aurita
837 3843 955 3930 chelyn
978 3849 1156 3929 expetente
1180 3845 1262 3909 silva

707 3954 740 4013 et
762 3948 842 4012 nulli
865 3947 1057 4015 resolubiles
1080 3948 1181 4013 calori

707 4060 840 4118 curvata
863 4061 996 4119 ruerent
1018 4053 1111 4119 nives
1135 4053 1176 4117 ab
1201 4052 1297 4130 Ossa,

706 4162 850 4221 stantem
877 4163 935 4222 aut
962 4156 1136 4242 Strymona
1164 4155 1319 4221 Bistones
1347 4156 1506 4232 riderent,

707 4282 780 4325 eum
804 4281 935 4326 carmen
958 4260 1092 4347 rapidus
1112 4260 1203 4326 latex
1227 4261 1351 4329 sitiret:

665 4381 676 4416 ·'·
709 4386 771 4431 nec
793 4366 819 4429 si
842 4365 977 4430 Peliaco
1001 4364 1097 4430 datus
1120 4365 1294 4429 bimembri

707 4467 747 4531 ad
772 4466 969 4534 Centaurica
991 4468 1118 4554 plectra
1141 4468 1373 4547 constitissem,

705 4571 865 4637 hinnitum
888 4572 1029 4658 duplicis
1054 4571 1171 4635 timens
1195 4572 1360 4657 magistri:

707 4697 768 4741 nec
791 4677 819 4741 si
841 4697 894 4741 me
916 4676 1082 4741 docuisset
1103 4675 1160 4740 ille
1183 4675 1255 4753 lori,

708 4780 814 4845 iussus
837 4800 973 4866 pascere
994 4780 1050 4865 qui
1073 4799 1207 4865 gregem
1232 4786 1284 4844 est
1308 4779 1438 4843 clientis

639 4897 678 4935 ²⁰⁰
711 4883 888 4970 Amphrysi
911 4882 952 4947 ad
975 4883 1108 4947 fluvium
1133 4882 1215 4948 deus
1238 4883 1410 4957 bubulcus,

708 4987 793 5073 quod
816 4987 1021 5072 ferrugineos
1045 4985 1206 5073 Cyclopas
1231 5008 1310 5051 areu

393 5216 440 5270 161
466 5218 554 5271 cerina
571 5216 599 5268 F
719 5212 768 5265 162
784 5230 878 5266 musca
896 5213 925 5264 F
1043 5210 1093 5265 163
1112 5213 1197 5265 bibilis
1217 5214 1240 5263 C
1322 5214 1468 5266 marcialem
1489 5214 1512 5266 C
1631 5217 1680 5268 lto
1697 5219 1760 5285 quid
1778 5238 1844 5286 qrrae
1862 5220 1902 5292 (ql
1920 5220 1950 5272 F

291 5304 352 5371 litt,
368 5305 441 5356 Polla
469 5305 513 5356 dat
537 5304 628 5369 mclq05
659 5302 731 5353 Polla
756 5310 825 5353 amat
847 5300 900 5352 Iaeo
1014 5309 1126 5367 poet-us
1152 5302 1186 5351 C¹
1339 5299 1386 5353 ΠΙ
1418 5319 1491 5353 sumo
1516 5301 1544 5352 F
1688 5302 1738 5355 172
1767 5307 1798 5357 nd
1829 5324 1878 5358 cor.
1897 5306 1952 5357 PT

292 5388 342 5442 173
359 5391 461 5457 insigna
476 5389 506 5440 F
606 5386 657 5439 174
673 5389 752 5440 larem
770 5387 865 5439 trabeis
877 5386 905 5436 Ι,1
1014 5384 1062 5438 lli
1081 5388 1158 5438 castis
1174 5387 1202 5437 F
1304 5385 1354 5439 183
1371 5397 1459 5439 caritas
1472 5387 1497 5437 P
1563 5389 1674 5441 hebreus
1687 5390 1715 5441 F
1817 5391 1866 5443 lut
1885 5410 1945 5445 eau-

290 5478 359 5528 tibus
390 5476 464 5528 TPF
593 5476 644 5527 190
668 5477 753 5527 clrelin
777 5474 831 5533 ΤΕ,
857 5475 958 5525 chelion
979 5476 1010 5535 C,
1035 5474 1128 5524 chelim
1147 5474 1174 5524 P
1305 5474 1355 5524 rur
1381 5484 1531 5542 expectento
1549 5475 1577 5525 1¹¹
1710 5477 1758 5527 192
1783 5488 1901 5530 torrerent
1920 5477 1950 5529 F

293 5560 342 5613 193
359 5572 457 5615 sautem
470 5563 498 5614 P
595 5560 646 5614 194
663 5578 732 5613 earm
744 5560 769 5611 P
866 5558 916 5610 ltt'r
933 5561 970 5610 sic
984 5558 1058 5609 c'l'F
1152 5559 1202 5611 196
1220 5563 1375 5613 costatilisset
1391 5563 1413 5612 C
1511 5560 1563 5612 20⁰
1580 5563 1702 5628 unrphrisi
1717 5565 1744 5623 C,
1761 5565 1875 5630 auphrisi
1892 5564 1948 5629 FF,

290 5652 388 5716 autrysi
407 5648 433 5701 P
535 5650 582 5701 sut
603 5650 665 5717 quid
684 5648 712 5699 F
