4462 6216
378 1342 609 1464 LOCI
662 1345 1053 1465 SIMILES
1100 1343 1657 1465 AUCTORUM

642 1546 908 1622 sinonro
945 1510 1387 1622 ANTERIORUM.

913 1777 1119 1786 ι----

292 1955 337 2048 ln
361 1988 438 2051 locis
460 1994 628 2052 auctorum
651 1989 803 2074 priorum,
828 1986 882 2072 qui
900 1985 1148 2050 Sidonianorum
1173 1985 1298 2050 similes
1322 1992 1442 2067 essent,
1466 1987 1699 2077 componendis
1715 1993 1752 2052 ut
1768 2008 1841 2050 meo

186 2087 289 2151 labori
312 2110 376 2152 non
399 2091 588 2175 pepercisse
612 2112 664 2155 me
687 2092 784 2177 aequi
807 2090 931 2154 iudices
956 2111 1018 2153 non
1041 2089 1218 2174 negabunt,
1241 2090 1286 2153 ita
1307 2094 1343 2153 ut
1364 2111 1423 2175 par
1443 2090 1504 2153 luit
1525 2111 1609 2175 quae
1626 2091 1840 2154 vetustiorum

187 2196 355 2254 auctorum
379 2191 525 2257 doctrina
548 2195 713 2279 congessit
735 2194 909 2279 diligenter
933 2192 1077 2258 adhibui.

294 2310 426 2375 Scilicet
449 2312 572 2377 Savaro
603 2315 636 2378 in
665 2314 874 2378 adnotatione
902 2312 1103 2396 amplissima
1126 2310 1168 2374 ad
1191 2311 1317 2376 Sidonii
1340 2313 1498 2398 epistulas
1523 2318 1556 2378 et
1579 2313 1734 2393 earmina,
1758 2333 1841 2397 quae

189 2411 290 2476 edidit
304 2412 440 2478 Parisiis
453 2437 482 2479 a.
499 2419 591 2497 1599,
609 2437 742 2482 numero
759 2415 907 2500 plurimis
920 2435 1001 2500 quos
1017 2413 1184 2499 congessit
1199 2414 1278 2478 locis
1295 2415 1456 2479 similibus
1472 2415 1567 2480 huius
1582 2438 1676 2481 meae
1694 2415 1841 2501 syllegae

187 2521 353 2599 tamquam
366 2517 613 2583 fundamentum
626 2521 746 2605 posuit.
781 2517 892 2602 Selegi
907 2516 982 2582 inde
999 2538 1064 2581 non
1076 2518 1146 2581 sine
1162 2515 1274 2581 labore
1288 2518 1419 2582 reiectis
1431 2519 1541 2582 multis
1554 2519 1658 2582 utilia.
1695 2519 1838 2583 Adhibui

188 2617 266 2680 item
295 2639 368 2681 cum
397 2620 504 2685 fructu
533 2642 616 2707 quae
646 2620 833 2686 Ludovieus
862 2619 945 2705 Jeep
975 2619 1015 2685 de
1041 2619 1174 2684 Sidonio
1200 2619 1372 2685 Claudiani
1400 2621 1562 2687 imitatore
1586 2621 1841 2687 Claudianorum

189 2722 369 2785 carminum
395 2723 529 2789 editioni
558 2726 695 2790 inseruit
725 2724 857 2808 (10111
882 2724 983 2810 prael.
1010 2745 1042 2809 p.
1062 2722 1159 2788 LVII
1184 2745 1253 2809 sqq.
1277 2722 1355 2809 Lps.
1382 2724 1478 2808 1879)
1504 2745 1563 2788 nec
1587 2745 1653 2788 nou
1675 2724 1841 2810 Rudolphi

188 2823 397 2911 Bitschofsky
421 2827 579 2905 libellum,
603 2829 658 2913 qui
682 2827 884 2892 inscribitur:
916 2827 957 2891 de
981 2826 1017 2892 O.
1043 2825 1136 2891 Sollii
1162 2827 1361 2913 Apollinaris
1385 2827 1510 2892 Sidonii
1535 2826 1650 2892 studiis
1676 2827 1840 2892 Statianis.

187 2927 406 2995 Vindobouae
431 2933 523 2996 1881.
568 2932 745 2999 Praeterea
767 2934 842 3019 plus
865 2933 972 2997 minus
995 2932 1188 3018 profuerunt
1210 2932 1284 2996 libri
1307 2931 1362 3018 qui
1385 2937 1581 3016 sequuntur:

342 3052 382 3113 M.
405 3054 512 3132 Fertig‚
536 3052 738 3137 Apollinaris
753 3054 908 3120 sidonius
921 3055 992 3118 und
1004 3056 1088 3119 scine
1103 3054 1182 3119 Zeit.
1213 3056 1515 3133 Wiirzburg-Passau
1532 3056 1568 3117 lll
1582 3057 1648 3117 vell.
1664 3056 1840 3119 rsus-48.

342 3157 380 3219 H.
404 3157 630 3232 Kretsehmann‚
655 3160 691 3220 de
713 3160 745 3221 C.
771 3160 851 3221 Sollii
875 3160 1052 3238 Apollinaris
1075 3161 1186 3222 Sidonii
1208 3161 1360 3221 latinitate.
1385 3160 1408 3220 ll
1424 3161 1491 3221 roll.
1536 3160 1642 3221 Memel
1662 3162 1841 3225 islo-ru.

342 3259 375 3322 C.
399 3261 539 3337 Purgold,
562 3260 826 3343 orchacoloqiscbe
841 3261 1081 3342 Bemcrltunpcn
1094 3281 1136 3325 aa
1156 3260 1318 3327 Claudiae
1334 3261 1404 3325 und
1418 3259 1579 3326 Sidonius.
1624 3264 1721 3325 Gotha
1747 3266 1839 3325 1878.

342 3363 374 3422 Ρ.
399 3363 493 3437 Mohr‚
518 3365 547 3424 in
563 3365 741 3443 Apollinaris
757 3366 867 3427 Sidonii
884 3366 1023 3444 epistulas
1038 3373 1067 3426 et
1082 3365 1214 3426 carmina
1229 3367 1450 3428 ohservationes
1465 3367 1528 3429 crit.
1567 3368 1728 3429 Sondersh.
1749 3369 1807 3427 187
1812 3368 1840 3429 7.

433 3512 445 3540 „
489 3515 496 3541 ‚
520 3488 555 3529 zu
579 3468 717 3531 Sidonius
739 3470 880 3531 camnine.
927 3471 1065 3531 Laubach
1091 3471 1183 3534 1881.

343 3568 381 3628 M.
409 3570 503 3643 Kulla,
527 3572 714 3648 quaestiones
739 3573 896 3636 Statianae.
943 3573 1059 3634 Vralisl.
1088 3574 1163 3634 1881
1192 3595 1219 3652 p.
1238 3574 1278 3634 18
1294 3593 1364 3665 sqq.=

342 3672 527 3748 Gustalsson,
551 3676 587 3736 de
610 3675 772 3754 Apollinari
795 3676 916 3737 Sidonio
939 3678 1134 3738 emendando.
1179 3677 1326 3755 Helsingf.
1354 3664 1444 3739 1881.

341 3775 380 3836 Μ.
403 3776 501 3851 Hertz,
526 3779 658 3840 analecta
680 3780 718 3841 ad
739 3780 906 3840 carminum
928 3780 1159 3841 Horatianorum
1182 3780 1346 3842 historiam.
1370 3781 1438 3859 Vp.
1460 3781 1497 3840 16
1515 3800 1559 3857 sq.
1606 3781 1721 3843 Vratisl.
1750 3781 1839 3841 1881.

290 3893 465 3959 Accedunt
489 3895 613 3961 Sidonii
637 3918 773 3983 operum
796 3898 956 3963 editiones
981 3905 1014 3962 01
1038 3897 1201 3962 Sirmondi
1225 3899 1329 3962 altera
1353 3920 1436 3984 quae
1459 3898 1581 3985 prodiit
1604 3898 1740 3962 Parisiis
1759 3901 1841 3962 1652

189 4002 222 4059 et
252 4017 348 4081 quam
377 3998 573 4065 curaverunt
601 3999 759 4086 Gregoire
789 4010 823 4067 et
846 4000 1030 4066 Ocllombet
1052 4000 1206 4085 Lugduni
1232 4003 1323 4067 1836.
1369 4001 1520 4087 Denique
1552 4002 1689 4065 multum
1719 4001 1841 4087 profeci

189 4119 230 4162 ex
259 4098 421 4165 indicibus
452 4124 471 4167 a
499 4102 617 4168 Oarolo
649 4103 793 4169 Schenkl
822 4103 962 4168 Ausonii
988 4105 1157 4190 opusculis
1185 4103 1309 4189 (Berol.
1337 4102 1434 4190 1883)
1462 4111 1496 4170 01
1517 4103 1608 4167 Aviti
1636 4104 1791 4188 operibus
1822 4125 1841 4168 a

188 4203 361 4290 Rudolpho
386 4205 505 4292 Peiper
528 4205 648 4290 (Berol.
676 4206 772 4293 1883)
795 4206 926 4273 additis.

292 4325 494 4412 Scriptorum
517 4328 678 4411 petiomm
702 4326 820 4412 quibus
843 4347 923 4391 usus
947 4347 1019 4390 sum
1042 4346 1123 4410 quas
1147 4324 1283 4389 adhibui
1306 4323 1467 4389 editiones
1492 4325 1555 4389 bae
1580 4331 1668 4388 sunt:

343 4449 446 4527 Apulei
469 4451 748 4528 metamorphoseon
772 4450 837 4510 libri
859 4449 898 4510 Xl
922 4468 979 4511 ree.
1003 4448 1035 4510 F.
1059 4449 1268 4526 Eyssenhardt.
1314 4447 1409 4508 Berol.
1437 4448 1526 4509 1869.

342 4553 465 4613 Ausonii
488 4555 629 4631 opuscula
652 4573 709 4616 ree.
733 4552 765 4613 C.
790 4553 928 4614 Schenkl.
973 4552 1067 4615 Berol.
1097 4552 1187 4613 1883.

344 4657 437 4717 Biblia
460 4677 544 4717 sacra
567 4658 702 4735 vulgatae
725 4656 868 4719 editionis.
914 4654 1051 4734 Lugduni
1077 4656 1169 4716 1676.

342 4760 649 4905 ClaudianiGearmina
665 4780 729 4929 rqc.
752 4761 783 4821 L.
800 4761 878 4839 Jeep.
923 4761 992 4838 Lps.
1009 4760 1032 4820 ll
1048 4760 1115 4820 roll.
1135 4759 1304 4818 1876-79
1328 4754 1509 4841 (carminum
1532 4757 1663 4819 numeris
1686 4778 1758 4818 usus
1773 4778 1840 4818 surn

526 4866 688 4907 esnenanrs
706 4893 712 4907 .

344 4950 501 5010 Frontonis
524 4950 665 5028 epistulae
687 4970 745 5011 rec.
770 4951 800 5011 S.
824 4950 860 5014 A.
882 4950 990 5013 Nuber.
1034 4949 1103 5027 Lps
1130 4948 1221 5008 1867.

344 5052 484 5113 Martialis
507 5054 742 5132 epigrammaton
765 5053 830 5114 libri
853 5053 899 5113 ed.
922 5053 954 5114 F.
979 5053 1013 5116 G.
1038 5050 1252 5113 Schneidewin.
1296 5051 1364 5129 Lps.
1392 5051 1483 5111 1861.

344 5157 435 5217 Persii
458 5158 614 5218 satirarum
636 5157 709 5217 liber
732 5157 777 5217 ed.
800 5156 835 5216 0.
858 5156 945 5218 Jahn.
990 5157 1058 5235 Lps.
1085 5155 1176 5216 1813.

344 5261 472 5322 Ρο1101111
495 5263 649 5322 satirarum
674 5260 811 5338 reliquiae
833 5280 869 5321 ex
892 5279 950 5321 rec.
973 5261 1006 5321 F.
1030 5259 1209 5321 Buecheleri.
1254 5258 1349 5320 Berol.
1376 5257 1466 5317 1861.

344 5364 428 5424 Plinii
451 5365 591 5442 epistulae
610 5372 639 5425 el
661 5364 854 5443 panegyricus
876 5384 912 5425 ex
934 5384 990 5425 rec.
1015 5364 1053 5425 H.
1076 5364 1168 5425 Keilii.
1213 5364 1279 5441 Lps.
1308 5362 1398 5422 1870.

344 5468 376 5528 L.
401 5468 516 5529 Annaei
539 5469 668 5530 Senecae
690 5489 779 5546 opera
802 5488 859 5529 ree.
883 5467 916 5528 C.
942 5467 977 5528 R.
1002 5467 1125 5528 Fickert.
1161 5467 1197 5527 lll
1220 5467 1285 5526 vell.
1330 5465 1397 5542 Lps
1425 5463 1602 5525 latu-us.
1705 5481 1707 5485 ·

347 5572 475 5632 Senecae
498 5573 665 5648 tragoediae
687 5591 744 5632 rec.
768 5571 800 5631 F.
824 5570 894 5632 Leo.
939 5570 1034 5630 Berol.
1059 5570 1082 5630 ll
1106 5570 1171 5631 voll.
1200 5568 1377 5628 1878-79.
