4462 6216
742 333 852 389 LIBER
869 335 890 397 Ι,
912 335 953 389 ΠΙ
971 336 987 403 ἕ
1004 337 1022 389 5
1042 364 1072 373 -
1091 334 1130 388 VI
1146 337 1163 404 fi
1182 337 1205 390 4.
1735 338 1798 401 303

155 527 303 592 quaeque
332 507 481 588 vocibus,
513 510 573 573 etsi
603 529 683 571 sono
714 506 846 571 dissono
877 514 933 571 aut
962 529 1016 571 ore
1045 508 1189 589 diverso,
1222 509 1291 594 pari
1323 515 1431 574 tamen
1459 510 1581 574 affeetu
1609 511 1699 595 quasi
1733 530 1798 574 uno
1854 496 1888 569 G

155 617 317 674 concentu
340 612 373 675 in
395 612 524 676 laudem
549 613 667 699 proprii
690 611 831 676 auctoris
854 619 1029 698 erumpunt
1052 620 1086 678 et
1107 614 1305 699 potentiam,
1328 634 1424 698 quarn
1448 634 1597 698 promere
1621 619 1798 699 nequeunt,

156 714 276 778 sentire
299 736 334 778 se
360 715 510 801 produnt.
556 715 618 779 hoc
641 736 781 801 namque
805 721 951 801 tempore
975 717 1082 780 cuncti
1110 717 1198 781 orbis
1227 717 1354 802 species
1383 717 1529 782 rediviva
1555 724 1734 803 reperatur,
1765 721 1799 781 et
1831 717 1849 780 3

154 818 306 904 quicquid
329 820 361 883 in
385 842 423 884 eo
447 820 510 883 situ
534 819 730 904 squalidum,
758 818 881 903 frigore
904 819 1084 898 turbidum,
1113 821 1219 904 glaeie
1244 827 1447 901 concretum,
1470 821 1617 885 nuditate
1640 820 1797 900 deforme,

115 937 127 974 5
154 922 306 986 ariditate
329 928 573 1008 praemortuum
595 923 754 986 hactenus
777 920 850 998 fuit,
872 921 912 986 ad
930 922 1033 987 instar
1050 923 1298 988 resurrectionis
1314 924 1465 1008 emergit,
1487 930 1524 988 ut
1538 923 1642 989 diseat
1657 924 1800 987 humanu

154 1026 311 1110 fragilitas
328 1025 367 1090 de
385 1025 567 1090 visibilibus
583 1026 761 1090 invisibilia
777 1032 810 1090 et
826 1026 866 1090 de
881 1027 1109 1111 praesentibus
1125 1026 1236 1091 futura
1251 1048 1448 1112 cognoscere
1470 1035 1504 1093 et
1527 1049 1619 1113 spem
1642 1032 1799 1091 venturae

156 1131 299 1195 melioris
323 1132 453 1211 aetatis,
477 1129 629 1217 deposita
651 1130 890 1216 desperatione,
913 1131 1079 1217 pereipiat.
1117 1153 1202 1196 nunc
1226 1132 1324 1195 etiarn
1347 1132 1445 1196 tellus
1470 1125 1573 1196 sterili
1596 1131 1703 1216 rigore
1720 1150 1798 1194 con·
1832 1131 1851 1191 4

155 1234 300 1313 clausas,
328 1235 421 1319 quasi
444 1233 529 1298 virili
553 1233 676 1299 semine
707 1234 753 1298 ita
777 1255 874 1299 verno
904 1240 1050 1320 tempore
1081 1243 1252 1321 concepto,
1283 1235 1419 1300 occultis
1447 1235 1598 1299 maritata
1625 1234 1795 1313 meatibus,

155 1359 256 1402 venas
279 1338 369 1402 laxat
391 1337 432 1402 ad
455 1344 595 1423 partum.
639 1344 672 1402 et
694 1337 770 1402 hinc
793 1337 879 1422 quod
903 1338 1029 1402 deliciis
1052 1360 1163 1419 suave,
1186 1338 1271 1423 quod
1295 1339 1366 1403 esui
1388 1338 1494 1418 dulce,
1516 1336 1602 1422 quod
1618 1338 1692 1403 usui
1708 1338 1799 1418 utile,

104 1456 129 1493 ¹0
156 1440 243 1526 quod
273 1442 372 1505 victui
403 1441 642 1520 necessarium,
674 1441 759 1526 quod
789 1442 873 1506 visui
902 1441 1093 1523 iucundum,
1124 1441 1209 1527 quod
1241 1442 1374 1506 ollactui
1404 1447 1550 1526 gratum,
1580 1440 1666 1526 quod
1697 1440 1800 1505 tactui

155 1544 324 1623 blandum,
360 1565 454 1609 omne
483 1544 640 1631 producit.
692 1544 852 1630 siquidem
880 1545 963 1610 haec
996 1552 1046 1610 cst
1075 1546 1132 1610 illa
1161 1545 1354 1631 temperies,
1384 1565 1467 1629 quac
1496 1544 1607 1609 mundi
1637 1544 1799 1609 nascentis
1831 1547 1850 1606 5

154 1647 334 1729 materiam,
358 1648 452 1733 quasi
474 1647 580 1712 adhuc
604 1649 637 1712 in
659 1648 864 1712 incunabulis
888 1654 1046 1732 teneram,
1068 1649 1193 1733 gremio
1217 1647 1356 1736 quodam
1380 1648 1653 1713 clementissimae
1672 1648 1796 1712 altricis

155 1751 326 1837 complexa
354 1751 502 1831 nutrivit,
534 1773 575 1815 ne
607 1751 825 1815 substantiam
847 1751 938 1816 nullo
963 1751 1075 1817 labore
1099 1750 1246 1816 duratam
1269 1757 1326 1817 aut
1348 1751 1493 1815 aestivus
1517 1749 1624 1814 fervor
1647 1756 1800 1815 exureret

155 1859 211 1917 aut
233 1854 383 1919 hiemalis
407 1856 498 1940 algor
522 1855 750 1939 exstingueret
772 1860 828 1918 aut
844 1859 1015 1919 ventorum
1037 1855 1142 1921 flabra
1163 1861 1341 1942 portarent.
1378 1855 1479 1919 habet
1497 1854 1607 1953 itaque
1624 1859 1799 1940 susceptus
1831 1857 1851 1918 6

103 1973 127 2011 15
154 1965 229 2022 tuus
269 1959 614 2023 convenientissimum
648 1965 793 2044 tempus,
833 1979 911 2042 quo,
946 1957 1047 2023 animi
1082 1958 1233 2023 socordia
1265 1958 1397 2023 tandem
1432 1956 1605 2042 aliquando
1637 1956 1797 2042 deposita,

153 2060 383 2127 hebetudinem
408 2061 513 2126 cordis
536 2069 676 2127 exacuat
699 2069 746 2144 et,
775 2063 804 2127 si
826 2062 911 2127 iuter
933 2063 1082 2128 homines
1105 2062 1292 2128 declamare
1320 2083 1386 2126 non
1416 2067 1542 2148 potest,
1573 2059 1681 2124 saltim
1713 2059 1799 2127 inter

154 2166 299 2251 pecudes
323 2167 463 2231 clamare
487 2172 543 2230 aut
564 2167 650 2231 inter
671 2166 819 2231 volucres
842 2166 966 2250 garrire
989 2165 1133 2231 festinet.

948 2510 1007 2576 vl.

399 2667 576 2732 DOMINO
608 2666 783 2731 SANOTO
813 2666 870 2730 ΕΤ
899 2666 1097 2733 PIISSIMO
1127 2666 1264 2731 PATRI
1292 2664 1552 2731 NEPOTIANO

102 2784 128 2824 ²⁰
704 2769 1001 2835 PRESBYTERO
1027 2768 1254 2835 RURIOIUS.

258 2889 403 2984 coerces
426 2938 507 3002 quos
531 2917 688 2981 sanctitas
711 2923 821 2983 vestra
843 2917 1025 2981 transmisit
1047 2917 1178 3003 accepi,
1201 2917 1390 3002 eloquentia
1412 2917 1533 2993 claros,
1564 2916 1701 2981 seientia
1722 2937 1798 3001 per·
1834 2919 1844 2978 l

153 3022 267 3100 sectos,
291 3022 441 3085 doctrina
462 3020 592 3106 probos,
614 3018 692 3085 fidei
714 3021 856 3106 puritate
879 3020 1080 3106 perspicuos,
1104 3020 1160 3104 qui
1183 3040 1348 3098 sacrorum
1371 3020 1633 3086 testimoniorum
1648 3020 1799 3084 ubertate

152 3127 346 3212 locupletes,
370 3125 564 3190 auctoritate
585 3129 800 3209 praestantes,
830 3124 903 3188 luce
926 3123 1091 3208 fulgentes
1113 3123 1210 3188 facile
1234 3129 1266 3188 et
1289 3123 1434 3190 fidelium
1457 3131 1585 3190 mentes
1605 3124 1801 3189 inluminent

157 3237 190 3295 et
213 3230 392 3294 infidelium
416 3249 542 3294 errores
571 3226 729 3312 detegant
755 3235 854 3313 atque
884 3227 1085 3293 convincant.
1131 3247 1268 3312 quorum
1297 3248 1358 3313 ego
1385 3235 1482 3313 gustu
1509 3227 1683 3292 admodum
1710 3229 1801 3293 tenui

101 3345 126 3385 ²⁵
152 3333 312 3419 pellectus
336 3333 444 3419 potius
467 3353 565 3416 quom
587 3331 745 3412 refectus,
776 3330 817 3395 ad
846 3331 1032 3396 satietatem
1062 3336 1197 3417 propter
1218 3329 1453 3395 sollicitudines
1476 3330 1601 3396 saeculi
1625 3331 1797 3416 pervenire

155 3458 220 3500 non
243 3437 346 3523 potui.
391 3437 475 3500 sieut
498 3436 584 3500 enim
608 3434 796 3500 stomachus
819 3454 893 3499 cunr
921 3432 1062 3498 febrium
1093 3432 1209 3498 ardore
1241 3432 1443 3517 decoquitur,
1473 3433 1586 3499 dulces
1613 3433 1676 3498 sibi
1703 3439 1802 3498 antea
1832 3435 1852 3495 2

155 3539 245 3605 eibos
269 3562 330 3604 nec
361 3539 486 3605 oblatos
517 3539 632 3624 recipit
656 3559 719 3602 nec
746 3537 883 3624 requirit
911 3537 1055 3618 ablatos,
1085 3537 1131 3607 ita
1160 3548 1193 3601 et
1221 3537 1348 3600 animus
1376 3536 1548 3602 mundanis
1576 3538 1800 3603 anxietatibus

156 3643 307 3728 curisque
338 3643 506 3707 conlectus
540 3641 702 3727 spiritales
729 3639 831 3727 dapes
858 3661 919 3705 nec
949 3638 1116 3706 desiderat
1143 3639 1298 3705 absentes
1326 3661 1388 3706 nec
1416 3641 1520 3726 carpit
1547 3642 1713 3728 appositas
1741 3661 1802 3706 nee

159 3747 257 3811 sentit
279 3747 413 3812 infusas.
460 3766 543 3831 quae
568 3765 641 3809 curn
664 3745 710 3807 ita
733 3765 768 3809 se
792 3744 826 3807 in
848 3765 901 3808 me
923 3743 1083 3819 habeant,
1112 3764 1171 3808 vos
1201 3750 1310 3809 tamen
1340 3750 1373 3809 st
1401 3744 1446 3829 pii
1469 3746 1614 3832 parentis
1637 3744 1800 3831 probastis
1833 3745 1851 3808 3

103 3863 129 3903 ³⁰
157 3851 311 3916 affectum
336 3856 369 3914 et
392 3849 523 3915 solliciti
545 3848 695 3932 magistri
717 3847 931 3911 ministerium
962 3852 995 3912 et
1023 3845 1128 3911 seduli
1158 3847 1277 3912 medici
1305 3847 1465 3932 implestis
1495 3848 1651 3930 officium,
1681 3854 1718 3913 ut
1744 3848 1802 3913 tali

156 3955 263 4019 toedio
293 3954 455 4018 laboranti
483 3952 721 4017 medicamenta
754 3972 899 4035 congrua
927 3951 1109 4015 mitteretis.
1159 3951 1277 4036 quibus
1308 3952 1368 4017 etsi
1395 3958 1529 4038 propter
1559 3951 1802 4038 neglegentiam

156 4079 261 4123 meam
287 4079 347 4143 ego
372 4079 436 4122 non
459 4058 553 4122 valeo
577 4055 735 4139 consequi
765 4055 975 4140 sospitatem,
1005 4074 1063 4118 ves
1091 4060 1201 4119 tamen
1229 4054 1416 4142 percipietis
1439 4076 1458 4119 a
1481 4056 1566 4120 iusto
1589 4063 1802 4141 repensatore

155 4161 356 4242 mercedem,
386 4163 441 4247 qui
468 4162 567 4225 etiam
594 4181 653 4246 pro
683 4159 821 4244 ingratis
850 4165 960 4244 grates
990 4159 1167 4225 benevolas
1196 4157 1319 4225 referre
1351 4159 1532 4227 consuevit.
1577 4159 1693 4223 horum
1723 4180 1801 4243 ergo
1833 4163 1853 4221 4

156 4266 375 4351 praefatorum
399 4264 546 4329 codicum
569 4285 683 4344 unum,
708 4264 791 4327 sicut
813 4263 970 4342 iussistis,
993 4264 1127 4344 retinui,
1159 4264 1258 4328 alium
1281 4263 1408 4339 remisi,
1436 4283 1532 4348 quem
1556 4263 1661 4327 sancti
1685 4262 1801 4327 Hilarii

105 4383 129 4422 55
157 4368 312 4433 Pictavae
335 4368 425 4432 urbis
449 4368 604 4433 antistitis
629 4388 701 4433 esse
725 4367 891 4433 noveritis.
928 4366 1014 4452 qued
1031 4368 1106 4455 quia
1123 4367 1377 4454 praeceperatis,
1399 4366 1544 4432 indicare
1561 4367 1681 4433 curari.
1715 4365 1803 4445 hune

157 4494 234 4537 vero
258 4479 434 4551 retentum,
458 4474 484 4536 si
506 4473 710 4558 permittitis,
732 4471 910 4536 transferre
934 4470 1095 4558 disposui,
1119 4477 1156 4534 ut
1179 4470 1264 4555 quod
1288 4471 1461 4535 memoriae
1485 4470 1714 4536 commendare
1737 4490 1801 4534 non

157 4597 342 4662 possumus,
366 4577 474 4640 saltim
497 4577 551 4642 vel
572 4576 701 4662 paginis
724 4575 880 4642 mandare
903 4595 1065 4641 curemus.

258 4851 275 4903 2
297 4855 383 4921 propri
402 4850 427 4905 G
548 4854 565 4907 3
588 4854 706 4907 rediuina
725 4850 752 4906 G
870 4851 888 4905 4
910 4853 1043 4920 turpidum
1063 4848 1089 4903 G
1208 4850 1224 4902 6
1249 4852 1425 4917 prestantibus
1444 4848 1470 4903 G
1592 4848 1607 4901 7
1629 4850 1757 4918 desposita
1776 4846 1802 4901 G

157 4941 237 5007 ligore
257 4936 283 4990 G
406 4939 439 4992 10
455 4942 544 4993 olfatui
561 4937 588 4992 G
622 5010 623 5013 Ἴ
709 4937 740 4992 11
759 4938 842 5007 omne]
861 4957 876 4993 o
893 4941 919 4991 in
937 4958 991 4992 ras.
1006 4936 1049 4991 θ’
1171 4935 1203 4989 13
1220 4935 1348 5003 exureret]
1367 4946 1490 4989 exuretur
1506 4933 1572 4989 etG
1693 4934 1727 4987 15
1743 4952 1802 4988 eon·

157 5028 336 5078 uentissimum
352 5025 377 5078 G
446 5025 569 5095 deposita]
591 5027 717 5090 Cantetur,
738 5028 856 5094 depetata
869 5023 919 5090 G¹,
940 5027 1064 5078 detestata
1080 5026 1107 5076 in
1125 5043 1174 5091 mg.
1193 5024 1255 5075 odd.
1270 5021 1312 5074 G²
1416 5022 1450 5075 16
1467 5019 1657 5086 hebetudinem]
1678 5022 1804 5086 Goaiaim,

158 5114 336 5165 habitudinem
351 5110 376 5165 G
481 5111 513 5164 19
531 5114 671 5181 nepooisno
685 5108 711 5163 G
822 5110 855 5162 21
874 5108 1078 5178 elonquentiaG
1181 5110 1215 5163 22
1234 5113 1363 5179 perfectus
1380 5138 1412 5146 —
1431 5112 1526 5178 probus
1545 5136 1578 5145 -
1596 5110 1746 5177 perspicuus
1759 5105 1802 5160 G¹

157 5197 192 5250 ‘27
210 5201 312 5251 oblatus
330 5201 424 5266 recepit
441 5217 489 5252 nec
506 5201 619 5266 requiret
637 5195 664 5250 G
775 5196 809 5249 29
825 5199 876 5250 ista
894 5194 920 5249 G
999 5199 1094 5252 babent
1113 5195 1139 5250 G
1216 5206 1335 5266 parentes
1353 5194 1379 5249 G
1490 5194 1522 5248 31
1542 5192 1599 5263 etsi]
1617 5196 1717 5263 serapti,
1733 5201 1759 5246 et
1778 5191 1804 5246 G

158 5284 193 5337 33
215 5287 348 5338 beniuoles
367 5282 392 5337 G
479 5287 629 5339 consueuit*
648 5282 674 5337 G
795 5282 830 5336 34
852 5285 927 5336 hilari
946 5281 973 5336 G
1092 5283 1127 5338 35
1149 5287 1280 5337 antestitca
1298 5281 1325 5336 G
1443 5283 1478 5335 36
1500 5282 1534 5352 si]
1557 5283 1684 5351 supplevi,
1707 5300 1755 5333 orn.
1770 5277 1804 5347 G,

157 5381 187 5425 ut
203 5374 300 5424 mavult
317 5372 459 5424 Mommsen
