4462 6216
814 338 921 393 LIBER
938 338 973 404 ll,
998 337 1073 394 XLII
1091 339 1107 407 9
1126 341 1140 392 1
1159 368 1192 376 -
1211 338 1311 395 XLVII
1329 340 1345 409 ἓ
1365 341 1388 395 1.

1051 598 1155 664 XLV.

615 736 677 799 AD
701 735 898 800 DOMIVUM
920 734 1157 800 HISPANUM
1180 736 1356 801 RURICII
1379 739 1593 806 EPISOOPI.

388 856 477 947 Aac
501 884 635 968 gratias,
658 883 753 971 quod,
777 883 854 948 dum
877 884 971 949 nobis
991 883 1199 949 Doranoniae
1223 885 1327 971 spolia
1351 887 1581 963 transmittitis,
1604 888 1759 973 pietatem
1783 893 1924 952 vestram
1960 891 1972 950 l

282 1009 362 1072 erge
395 1009 447 1051 me
482 988 735 1053 sincerissimam
770 989 1003 1075 comprobatis,
1043 1008 1107 1074 qua
1141 1011 1198 1054 nos
1233 989 1371 1075 amplius
1412 1011 1509 1075 quam
1547 990 1672 1056 deliciis
1707 990 1923 1056 delectamur:

242 1107 253 1144 ⁵
280 1092 438 1176 siquidem
467 1092 543 1158 inde
574 1093 714 1158 esuriem
746 1093 891 1179 corporis
923 1114 1180 1179 compescemus,
1212 1093 1287 1158 hinc
1317 1093 1434 1168 cordis;
1465 1092 1541 1158 inde
1571 1095 1676 1158 ventri
1703 1094 1924 1158 transitorium

280 1197 474 1281 porrigimus
502 1203 648 1283 pastum,
684 1197 759 1262 hinc
788 1219 864 1262 vero
894 1197 1000 1262 animo
1027 1218 1217 1262 mansurum
1251 1197 1446 1284 praebemus
1478 1198 1639 1262 affectum.
1690 1197 1825 1284 proinde
1858 1205 1925 1263 tam
1957 1202 1976 1262 2

280 1300 382 1364 amori
416 1320 511 1385 quarn
540 1301 664 1365 muneri
694 1307 803 1366 vestro
834 1301 957 1386 gratias
984 1306 1213 1386 repensantes,
1249 1301 1425 1388 reciprocis
1457 1300 1613 1387 pietatem
1647 1307 1791 1366 vestram
1822 1301 1923 1387 pluri-

280 1423 367 1466 mum
404 1405 611 1490 sospitamus.
661 1411 694 1469 et
733 1405 809 1490 quia
846 1404 886 1470 de
923 1411 1035 1470 nostra
1068 1403 1211 1490 dignaris
1251 1427 1325 1470 esse
1365 1406 1468 1470 salute
1505 1405 1680 1486 sollicitus,
1721 1406 1813 1470 iuxta
1851 1412 1926 1470 vota

281 1508 413 1592 pietatis
429 1514 558 1574 vestrae
581 1530 632 1573 me
649 1511 759 1574 valere
782 1509 929 1594 significo
952 1508 1111 1593 simulque
1134 1507 1285 1595 deposco,
1308 1508 1365 1573 ubi
1388 1514 1535 1573 sanctum
1557 1509 1681 1594 pascha
1703 1509 1819 1574 facturi
1843 1509 1924 1587 sitis,

229 1625 254 1662 ¹⁰
280 1632 332 1675 me
356 1612 596 1678 recurrentibus
620 1612 798 1678 instruatis.

1040 1782 1161 1848 XLVI.

558 1921 733 1988 RURIOII
756 1921 963 1987 EPISOOPI
985 1919 1049 1985 AD
1073 1919 1405 1986 PRESBYTERUM
1428 1921 1644 1987 ALBINUII.

389 2040 464 2134 Uer
486 2071 527 2135 ad
550 2093 602 2135 me
627 2071 804 2135 communis
827 2072 934 2135 luctus
958 2069 1062 2134 nuntii
1086 2090 1214 2134 rumore
1237 2070 1401 2155 pervenit,
1432 2069 1516 2156 quod
1545 2076 1653 2135 tamen
1683 2069 1817 2132 miratus
1841 2089 1923 2148 sum,
1959 2071 1972 2130 l

281 2173 363 2258 quod
388 2195 451 2237 non
475 2175 536 2239 hoe
560 2175 650 2260 prius
674 2196 716 2239 ex
739 2175 965 2259 germanitatis
981 2181 1111 2240 vestrae
1133 2175 1292 2241 relatione
1316 2176 1462 2260 cognovi,
1485 2175 1556 2261 ipse
1579 2174 1620 2239 ad
1636 2195 1694 2238 vos
1710 2171 1924 2258 requirendos

229 2290 252 2326 1⁵
280 2277 432 2340 continuo
451 2278 623 2358 venissem,
646 2278 777 2344 nisime
793 2278 919 2344 dicrum
935 2277 1051 2343 horum
1072 2278 1257 2343 reverentia
1279 2277 1489 2344 retardasset.
1526 2278 1585 2343 has
1609 2276 1783 2358 transmisi,
1806 2276 1924 2361 quibus
1957 2277 1976 2337 2

280 2401 390 2464 spero,
420 2387 456 2444 ut
478 2403 529 2446 me
554 2387 745 2446 excusatum
775 2381 898 2447 habere
927 2380 1105 2467 dignemini
1135 2387 1168 2447 et
1199 2382 1298 2446 filiam
1328 2387 1488 2464 nostram,
1519 2403 1615 2467 quam
1642 2379 1738 2445 audio
1766 2401 1801 2445 sc
1825 2378 1924 2445 vehe-

280 2488 408 2547 menter
435 2484 597 2568 alfligere,
630 2483 671 2548 ad
699 2485 805 2549 vicem
832 2507 940 2550 meam
968 2491 1035 2549 tam
1064 2506 1106 2550 ex
1134 2485 1260 2550 ratione
1291 2506 1386 2570 quam
1417 2507 1460 2550 ex
1487 2491 1597 2550 vestra
1625 2485 1818 2549 auctoritate
1847 2503 1924 2547 con-

279 2586 438 2666 solemini,
461 2587 546 2672 quod
568 2587 719 2653 dominus
743 2594 856 2653 noster
879 2586 918 2651 de
943 2608 1038 2653 servo
1062 2608 1120 2652 suo
1143 2594 1176 2652 et
1198 2586 1326 2673 quando
1349 2587 1450 2652 voluit
1472 2593 1505 2651 et
1527 2587 1614 2672 quod
1634 2587 1738 2651 voluit
1760 2587 1847 2652 fecit.
1891 2590 1924 2648 et
1957 2586 1975 2648 3

280 2688 353 2754 idco
378 2696 489 2755 contra
513 2693 714 2756 voluntatem
736 2691 858 2756 domini
874 2691 988 2756 venire
1005 2689 1180 2770 videbitur,
1202 2690 1255 2754 cui
1277 2689 1429 2776 displicet
1452 2689 1562 2754 divina
1584 2690 1788 2776 praeceptio:
1811 2690 1923 2773 utique

227 2806 254 2845 2⁰
280 2792 401 2876 divina,
430 2796 506 2882 quia
529 2797 667 2860 animam
690 2801 834 2860 nostram
858 2794 914 2859 ille
938 2794 1035 2875 solus,
1060 2814 1133 2858 cum
1157 2793 1307 2873 voluerit,
1336 2815 1378 2858 ex
1401 2815 1536 2880 corpore
1559 2797 1668 2880 potest
1692 2793 1841 2870 educere,
1872 2790 1925 2876 qui

279 2897 362 2961 fudit
385 2898 417 2961 in
446 2921 590 2986 corpore.
636 2905 668 2964 et
697 2898 816 2964 idcirco
844 2899 950 2962 luctus
978 2897 1040 2962 iste
1070 2896 1203 2977 nimius,
1232 2897 1287 2981 qui
1315 2896 1443 2962 videtur
1470 2917 1543 2962 esse
1571 2897 1718 2982 pietatis,
1750 2895 1854 2981 magis
1882 2916 1925 2959 ex
1956 2895 1975 2956 4

281 3000 402 3066 diaboli
435 3004 569 3068 consilio
601 3024 697 3089 quam
732 3023 774 3067 ex
808 3000 930 3087 pietate
962 2999 1147 3081 descendit,
1179 3005 1228 3081 ut,
1262 2999 1339 3064 dum
1370 2999 1463 3066 dolor
1490 3000 1723 3065 consolationis
1751 2999 1923 3085 impatiens

281 3105 434 3189 querellis
463 3107 529 3170 suis
559 3105 656 3171 deum
686 3104 864 3190 impietatis
893 3103 1084 3189 exprobrat,
1121 3102 1176 3189 qui
1209 3103 1379 3189 praemisit
1412 3102 1512 3169 filium
1546 3125 1605 3192 per
1636 3104 1811 3168 humanam
1845 3123 1922 3166 con-

280 3206 454 3290 dicionem,
483 3232 544 3296 per
573 3208 833 3273 incredulitatem
868 3207 1010 3271 animam
1037 3205 1162 3292 perdat.
1211 3207 1368 3293 plangent
1396 3207 1514 3272 mortui
1541 3213 1687 3272 mortuos
1719 3228 1809 3288 suos,
1844 3225 1924 3290 quos
1955 3208 1974 3266 5

227 3323 253 3361 ‘2³
280 3318 520 3377 resurrecturos
545 3334 619 3379 esse
643 3333 707 3376 non
730 3310 877 3391 credunt,
901 3311 956 3396 qui
978 3310 1119 3376 animam
1135 3332 1209 3375 cum
1226 3331 1323 3377 carne
1344 3311 1518 3377 aestimant
1532 3311 1677 3392 interire,
1700 3311 1818 3397 quibus
1833 3309 1924 3375 nulla

279 3413 319 3478 de
344 3414 546 3482 beatitudine
570 3417 709 3498 animae,
733 3417 823 3481 nulla
847 3415 888 3480 de
912 3416 1057 3502 eorporis
1080 3417 1317 3482 restauratione
1340 3415 1457 3480 fiducie
1473 3421 1533 3481 est.
1573 3436 1632 3480 nos
1648 3437 1737 3496 vero,
1760 3414 1816 3498 qui
1832 3436 1923 3500 spem
1955 3419 1975 3477 6

279 3520 525 3584 resurrectionis
559 3520 717 3585 habemus
751 3520 785 3584 in
813 3519 962 3600 Christo,
997 3520 1051 3604 qui
1083 3520 1209 3585 animas
1239 3527 1368 3585 nostras
1400 3520 1492 3584 iuxta
1523 3518 1791 3605 pollicitationem
1820 3519 1923 3605 ipsius

280 3619 402 3685 domini
426 3623 459 3686 in
482 3628 668 3689 sanctorum
696 3624 820 3688 sinibus
849 3622 1012 3689 credimus
1043 3625 1211 3704 collocari,
1243 3623 1286 3688 ad
1312 3625 1418 3710 ipsum
1445 3643 1505 3688 nos
1533 3622 1631 3689 corde
1660 3628 1694 3688 et
1722 3621 1923 3687 orationibus

281 3725 484 3789 conferamus
512 3732 545 3790 et
575 3727 831 3792 consolationem
859 3725 900 3792 dc
928 3727 1031 3813 ipsius
1060 3727 1277 3814 promissione
1307 3726 1488 3813 capiamus,
1518 3725 1606 3812 quod
1633 3723 1804 3791 credentes
1832 3726 1865 3789 in
1889 3747 1924 3789 se

229 3839 254 3876 ³0
281 3848 391 3892 seeum
416 3830 526 3896 vivere
550 3831 649 3895 iaciat
673 3852 733 3896 nee
756 3831 842 3894 ullus
866 3829 953 3915 apud
970 3853 1045 3896 eum
1062 3832 1124 3896 nisi
1141 3830 1279 3896 infidelis
1295 3838 1441 3896 mortuus
1457 3829 1628 3895 iudicetur.
1665 3836 1698 3894 et
1712 3831 1759 3894 ita
1773 3829 1923 3915 planctus
1957 3831 1975 3890 7

280 3937 420 4013 nostros,
448 3934 531 3998 sicut
553 3934 713 4019 scriptura
736 3955 796 4000 nos
819 3933 946 4018 edocet,
975 3942 1205 4021 temperemus,
1232 3935 1356 3999 dicens:
1388 3935 1521 3999 luctus
1553 3933 1747 4019 sapientis
1775 3939 1923 4019 septem

280 4034 433 4117 diebus,
457 4037 568 4123 impii
591 4059 681 4103 vero
705 4059 839 4102 omnes
863 4037 948 4103 dies
972 4039 1081 4105 vitae
1105 4061 1212 4104 suae.
1252 4039 1336 4103 sicut
1355 4038 1476 4103 scimus
1492 4038 1583 4102 illum
1599 4043 1763 4102 mortuum
1779 4057 1923 4124 corpore,

281 4139 390 4203 anima
412 4161 488 4205 vero
512 4163 569 4227 pro
593 4141 781 4207 innocentia
804 4141 947 4210 suadeo
970 4142 1091 4223 rivere,
1114 4142 1161 4209 its
1183 4164 1243 4207 nos
1266 4141 1415 4207 viventes
1437 4162 1571 4229 corpore
1594 4139 1691 4205 corde
1714 4142 1899 4206 moriamur.

1033 4397 1171 4464 XLVII.

694 4539 867 4607 RURIGII
890 4538 1096 4605 EPISCOPI
1119 4537 1181 4603 AD
1204 4536 1513 4605 TAURENTIUII.

388 4656 477 4750 Aeo
501 4687 623 4770 gratias
645 4689 910 4774 promptissimae
933 4689 966 4752 in
988 4685 1119 4751 domino
1142 4684 1308 4750 devotioni
1331 4688 1364 4746 et
1386 4682 1625 4748 sincerissimae
1651 4704 1730 4768 erga
1761 4703 1811 4746 me
1840 4684 1924 4747 cari·
1959 4687 1973 4745 l

281 4789 339 4851 tati
356 4795 493 4868 vestrae,
517 4811 600 4874 quae
623 4789 752 4856 divinae
774 4790 926 4857 bonitatis
947 4790 1105 4856 imitatrix
1127 4789 1184 4854 dat
1206 4786 1326 4874 quoda
1344 4807 1396 4850 me
1418 4785 1481 4851 sibi
1498 4787 1651 4873 prospicit
1668 4785 1924 4872 supplicandum,

281 4932 691 4941 ——-—-----——.-————

383 5013 417 5067 24
435 5013 499 5067 Luc.
518 5014 565 5076 lx,
584 5015 624 5069 60.
711 5017 744 5069 31
763 5014 849 5071 ltccli.
868 5014 955 5079 XXII,
973 5015 1015 5069 13.

384 5134 591 5204 ‘ldomnumlG
660 5138 738 5189 rorici
752 5135 779 5190 G
881 5133 1084 5203 3dcranoniae]
1099 5131 1133 5200 G,
1150 5135 1283 5186 Duranius
1302 5133 1394 5186 Sidon.
1412 5152 1492 5186 cerm.
1510 5133 1605 5198 XXII,
1623 5139 1680 5200 103,
1700 5136 1831 5186 Dor-nonis
1851 5135 1925 5199 (ἔτερ.

281 5223 336 5273 laist.
350 5223 398 5274 Fr.
415 5222 478 5287 VII,
490 5227 531 5275 28.
547 5227 587 5287 32,
606 5224 667 5275 dors
683 5226 786 5278 nomine
804 5243 831 5277 re
850 5224 968 5276 Canities
1087 5222 1104 5275 5
1126 5223 1207 5276 uestri
1225 5218 1251 5272 G
1371 5222 1386 5276 V
1405 5222 1563 5289 repensantis
1576 5221 1678 5287 papius
1696 5224 1746 5273 256
1763 5229 1868 5272 eseam
1887 5217 1926 5271 G:

284 5311 413 5376 obsequiis
432 5311 516 5375 srqrpl.
535 5309 698 5376 Lepcitana,
720 5313 753 5378 cs.
772 5311 847 5377 infra
869 5309 915 5374 11,
931 5314 976 5372 50,
1000 5310 1092 5361 litteris
1114 5309 1250 5362 subaudiri
1271 5310 1324 5359 vult
1345 5308 1486 5359 Mommsen
1608 5307 1641 5358 lo
1664 5324 1705 5359 me
1725 5304 1925 5373 recurrentibus]

282 5398 315 5462 cf.
329 5414 411 5462 staprro
425 5396 478 5460 1,7
529 5393 670 5462 instruatis]
689 5398 747 5447 finit
764 5397 824 5447 aelst.
838 5392 864 5446 G
950 5393 983 5445 12
994 5392 1110 5447 ruriciG
1195 5393 1228 5446 13
1241 5390 1359 5446 nantiiG
1446 5389 1625 5444 lensiense
1711 5390 1744 5442 19
1761 5389 1926 5444 indebiturG

281 5478 437 5550 displIcitG
548 5480 583 5533 20
600 5478 642 5547 ex]
661 5485 684 5533 e
704 5479 730 5533 G
841 5478 876 5532 ‘24
894 5481 1019 5547 plangant
1037 5509 1069 5517 -
1087 5479 1120 5532 27
1138 5483 1164 5533 in
1182 5479 1288 5549 christo]
1306 5483 1340 5548 cf.
1359 5480 1729 5547 11,4,nuprap.314,1.2s
1844 5478 1878 5530 ‘26
1894 5481 1926 5531 de

281 5565 449 5633 beatitudine]
464 5566 659 5621 beatitudineG
740 5568 774 5620 28
786 5567 895 5636 sinibus]
907 5565 942 5633 G,
952 5568 1048 5620 finibus
1059 5567 1176 5620 Centeno
1259 5563 1458 5635 30plunet0sG
1538 5563 1733 5618 33uiuentisG
1780 5562 1925 5630 moriamur]

281 5658 339 5712 finit
355 5652 457 5709 adm
560 5653 594 5709 35
610 5651 731 5710 ruriciG
801 5650 1008 5711 taurenciumG
1110 5651 1143 5711 37
1162 5651 1290 5711 diuinsG
1360 5654 1404 5705 dat
1420 5654 1489 5725 quod
1507 5650 1532 5724 a]
1551 5651 1701 5720 Mommsen,
1718 5655 1744 5705 id
1761 5650 1875 5723 quodG

1980 602 2014 675 G
