<?xml version="1.0" encoding="UTF-8"?>
<!DOCTYPE html PUBLIC "-//W3C//DTD XHTML 1.0 Transitional//EN"
    "http://www.w3.org/TR/xhtml1/DTD/xhtml1-transitional.dtd">
<html xmlns="http://www.w3.org/1999/xhtml" xml:lang="en" lang="en">
 <head>
  <title>
</title>
<meta http-equiv="Content-Type" content="text/html;charset=utf-8" />
  <meta name='ocr-system' content='tesseract 3.04.00' />
  <meta name='ocr-capabilities' content='ocr_page ocr_carea ocr_par ocr_line ocrx_word'/>
</head>
<body>
  <div class='ocr_page' id='page_1' title='image "./gaisoliiapollin00ltgoog/gaisoliiapollin00ltgoog_0242.png"; bbox 0 0 4462 6216; ppageno 0'>
   <div class='ocr_carea' id='block_1_1' title="bbox 797 336 1840 411">
    <p class='ocr_par' dir='ltr' id='par_1_1' title="bbox 797 336 1840 411">
     <span class='ocr_line' id='line_1_1' title="bbox 797 336 1840 411; baseline 0.021 -22"><span class='ocrx_word' id='word_1_1' title='bbox 797 336 905 391; x_wconf 80' lang='lat' dir='ltr'><strong>ursus</strong></span> <span class='ocrx_word' id='word_1_2' title='bbox 923 336 971 405; x_wconf 80' lang='lat' dir='ltr'><strong>m,</strong></span> <span class='ocrx_word' id='word_1_3' title='bbox 989 338 1063 405; x_wconf 70' lang='lat' dir='ltr'><strong>ess</strong></span> <span class='ocrx_word' id='word_1_4' title='bbox 1082 338 1232 406; x_wconf 75' lang='lat' dir='ltr'><strong>-acm</strong></span> <span class='ocrx_word' id='word_1_5' title='bbox 1780 350 1840 411; x_wconf 79' lang='lat'><strong>157</strong></span> 
     </span>
    </p>
   </div>
   <div class='ocr_carea' id='block_1_2' title="bbox 121 509 1918 3911">
    <p class='ocr_par' dir='ltr' id='par_1_2' title="bbox 121 509 1918 3911">
     <span class='ocr_line' id='line_1_2' title="bbox 187 509 1843 603; baseline 0.004 -27"><span class='ocrx_word' id='word_1_6' title='bbox 187 519 415 577; x_wconf 79' lang='lat' dir='ltr'><strong>contemneres</strong></span> <span class='ocrx_word' id='word_1_7' title='bbox 446 510 627 574; x_wconf 84' lang='lat' dir='ltr'><strong>iuniorem?</strong></span> <span class='ocrx_word' id='word_1_8' title='bbox 657 509 743 594; x_wconf 92' lang='lat' dir='ltr'><strong>quod</strong></span> <span class='ocrx_word' id='word_1_9' title='bbox 768 529 883 594; x_wconf 89' lang='lat' dir='ltr'><strong>parum</strong></span> <span class='ocrx_word' id='word_1_10' title='bbox 908 509 1014 574; x_wconf 90' lang='lat' dir='ltr'><strong>credo.</strong></span> <span class='ocrx_word' id='word_1_11' title='bbox 1062 532 1102 575; x_wconf 90' lang='lat' dir='ltr'><strong>an</strong></span> <span class='ocrx_word' id='word_1_12' title='bbox 1128 515 1204 598; x_wconf 91' lang='lat' dir='ltr'><strong>quia</strong></span> <span class='ocrx_word' id='word_1_13' title='bbox 1226 513 1414 579; x_wconf 76' lang='lat' dir='ltr'><strong>indoctum?</strong></span> <span class='ocrx_word' id='word_1_14' title='bbox 1444 515 1530 600; x_wconf 89' lang='lat' dir='ltr'><strong>quod</strong></span> <span class='ocrx_word' id='word_1_15' title='bbox 1554 517 1659 603; x_wconf 88' lang='lat' dir='ltr'><strong>magis</strong></span> <span class='ocrx_word' id='word_1_16' title='bbox 1682 518 1767 598; x_wconf 87' lang='lat' dir='ltr'><strong>lero,</strong></span> <span class='ocrx_word' id='word_1_17' title='bbox 1796 518 1843 583; x_wconf 90' lang='lat' dir='ltr'><strong>ita</strong></span> 
     </span>
     <span class='ocr_line' id='line_1_3' title="bbox 185 613 1839 702; baseline 0.003 -22"><span class='ocrx_word' id='word_1_18' title='bbox 185 623 307 695; x_wconf 88' lang='lat' dir='ltr'><strong>tamen,</strong></span> <span class='ocrx_word' id='word_1_19' title='bbox 331 614 445 699; x_wconf 91' lang='lat' dir='ltr'><strong>utqui</strong></span> <span class='ocrx_word' id='word_1_20' title='bbox 471 613 580 678; x_wconf 82' lang='lat' dir='ltr'><strong>dicere</strong></span> <span class='ocrx_word' id='word_1_21' title='bbox 604 613 764 697; x_wconf 90' lang='lat' dir='ltr'><strong>ignorem,</strong></span> <span class='ocrx_word' id='word_1_22' title='bbox 787 633 852 676; x_wconf 93' lang='lat' dir='ltr'><strong>non</strong></span> <span class='ocrx_word' id='word_1_23' title='bbox 876 618 909 676; x_wconf 90' lang='lat' dir='ltr'><strong>et</strong></span> <span class='ocrx_word' id='word_1_24' title='bbox 933 613 1063 691; x_wconf 89' lang='lat' dir='ltr'><strong>audire;</strong></span> <span class='ocrx_word' id='word_1_25' title='bbox 1087 617 1164 699; x_wconf 89' lang='lat' dir='ltr'><strong>quia</strong></span> <span class='ocrx_word' id='word_1_26' title='bbox 1188 619 1297 702; x_wconf 92' lang='lat' dir='ltr'><strong>etqui</strong></span> <span class='ocrx_word' id='word_1_27' title='bbox 1321 619 1523 684; x_wconf 81' lang='lat' dir='ltr'><strong>circensibus</strong></span> <span class='ocrx_word' id='word_1_28' title='bbox 1545 620 1631 685; x_wconf 92' lang='lat' dir='ltr'><strong>ludis</strong></span> <span class='ocrx_word' id='word_1_29' title='bbox 1653 621 1839 697; x_wconf 82' lang='lat' dir='ltr'><strong>adfuerunt,</strong></span> 
     </span>
     <span class='ocr_line' id='line_1_4' title="bbox 186 718 1839 809; baseline 0.002 -24"><span class='ocrx_word' id='word_1_30' title='bbox 186 722 384 787; x_wconf 83' lang='lat' dir='ltr'><strong>sententiam</strong></span> <span class='ocrx_word' id='word_1_31' title='bbox 413 718 454 783; x_wconf 91' lang='lat' dir='ltr'><strong>de</strong></span> <span class='ocrx_word' id='word_1_32' title='bbox 484 718 633 782; x_wconf 91' lang='lat' dir='ltr'><strong>curribus</strong></span> <span class='ocrx_word' id='word_1_33' title='bbox 661 738 726 781; x_wconf 92' lang='lat' dir='ltr'><strong>non</strong></span> <span class='ocrx_word' id='word_1_34' title='bbox 755 718 874 782; x_wconf 87' lang='lat' dir='ltr'><strong>ferunt.</strong></span> <span class='ocrx_word' id='word_1_35' title='bbox 920 739 961 782; x_wconf 92' lang='lat' dir='ltr'><strong>an</strong></span> <span class='ocrx_word' id='word_1_36' title='bbox 992 720 1100 805; x_wconf 91' lang='lat' dir='ltr'><strong>aliquo</strong></span> <span class='ocrx_word' id='word_1_37' title='bbox 1130 742 1208 786; x_wconf 90' lang='lat' dir='ltr'><strong>casu</strong></span> <span class='ocrx_word' id='word_1_38' title='bbox 1232 721 1485 803; x_wconf 83' lang='lat' dir='ltr'><strong>dissidebamus,</strong></span> <span class='ocrx_word' id='word_1_39' title='bbox 1516 729 1553 786; x_wconf 93' lang='lat' dir='ltr'><strong>ut</strong></span> <span class='ocrx_word' id='word_1_40' title='bbox 1575 730 1767 809; x_wconf 80' lang='lat' dir='ltr'><strong>putaremur</strong></span> <span class='ocrx_word' id='word_1_41' title='bbox 1788 725 1839 789; x_wconf 94' lang='lat' dir='ltr'><strong>his</strong></span> 
     </span>
     <span class='ocr_line' id='line_1_5' title="bbox 184 821 1838 910; baseline 0.002 -21"><span class='ocrx_word' id='word_1_42' title='bbox 184 845 266 909; x_wconf 92' lang='lat' dir='ltr'><strong>quos</strong></span> <span class='ocrx_word' id='word_1_43' title='bbox 298 821 486 888; x_wconf 82' lang='lat' dir='ltr'><strong>edidissetis</strong></span> <span class='ocrx_word' id='word_1_44' title='bbox 515 821 635 886; x_wconf 86' lang='lat' dir='ltr'><strong>libellis</strong></span> <span class='ocrx_word' id='word_1_45' title='bbox 662 821 871 907; x_wconf 84' lang='lat' dir='ltr'><strong>derogaturi?</strong></span> <span class='ocrx_word' id='word_1_46' title='bbox 916 825 1005 907; x_wconf 92' lang='lat' dir='ltr'><strong>atqui</strong></span> <span class='ocrx_word' id='word_1_47' title='bbox 1034 826 1188 910; x_wconf 90' lang='lat' dir='ltr'><strong>praesule</strong></span> <span class='ocrx_word' id='word_1_48' title='bbox 1215 825 1277 891; x_wconf 91' lang='lat' dir='ltr'><strong>deo</strong></span> <span class='ocrx_word' id='word_1_49' title='bbox 1306 833 1423 892; x_wconf 89' lang='lat' dir='ltr'><strong>tenues</strong></span> <span class='ocrx_word' id='word_1_50' title='bbox 1454 825 1550 891; x_wconf 92' lang='lat' dir='ltr'><strong>nobis</strong></span> <span class='ocrx_word' id='word_1_51' title='bbox 1580 848 1656 892; x_wconf 88' lang='lat' dir='ltr'><strong>esse</strong></span> <span class='ocrx_word' id='word_1_52' title='bbox 1679 829 1838 893; x_wconf 88' lang='lat' dir='ltr'><strong>amicitias</strong></span> 
     </span>
     <span class='ocr_line' id='line_1_6' title="bbox 147 925 1889 1018; baseline 0.002 -26"><span class='ocrx_word' id='word_1_53' title='bbox 147 943 243 992; x_wconf 71' lang='lat' dir='ltr'><strong>5nec</strong></span> <span class='ocrx_word' id='word_1_54' title='bbox 267 927 391 992; x_wconf 92' lang='lat' dir='ltr'><strong>inimici</strong></span> <span class='ocrx_word' id='word_1_55' title='bbox 414 927 538 1010; x_wconf 87' lang='lat' dir='ltr'><strong>fingere</strong></span> <span class='ocrx_word' id='word_1_56' title='bbox 555 932 688 1011; x_wconf 92' lang='lat' dir='ltr'><strong>queunt.</strong></span> <span class='ocrx_word' id='word_1_57' title='bbox 727 926 801 990; x_wconf 84' lang='lat' dir='ltr'><strong>‘ista</strong></span> <span class='ocrx_word' id='word_1_58' title='bbox 819 925 1005 1010; x_wconf 77' lang='lat' dir='ltr'><strong>quorsum’t</strong></span> <span class='ocrx_word' id='word_1_59' title='bbox 1028 929 1146 1013; x_wconf 91' lang='lat' dir='ltr'><strong>inquis.</strong></span> <span class='ocrx_word' id='word_1_60' title='bbox 1185 951 1262 995; x_wconf 88' lang='lat' dir='ltr'><strong>ecce</strong></span> <span class='ocrx_word' id='word_1_61' title='bbox 1278 930 1342 994; x_wconf 87' lang='lat' dir='ltr'><strong>iarn</strong></span> <span class='ocrx_word' id='word_1_62' title='bbox 1359 928 1477 1016; x_wconf 89' lang='lat' dir='ltr'><strong>pando,</strong></span> <span class='ocrx_word' id='word_1_63' title='bbox 1501 931 1552 994; x_wconf 91' lang='lat' dir='ltr'><strong>vel</strong></span> <span class='ocrx_word' id='word_1_64' title='bbox 1567 930 1645 1015; x_wconf 92' lang='lat' dir='ltr'><strong>quid</strong></span> <span class='ocrx_word' id='word_1_65' title='bbox 1661 931 1836 1018; x_wconf 84' lang='lat' dir='ltr'><strong>indagasse</strong></span> <span class='ocrx_word' id='word_1_66' title='bbox 1869 933 1889 995; x_wconf 83' lang='lat'><strong>6</strong></span> 
     </span>
     <span class='ocr_line' id='line_1_7' title="bbox 185 1028 1837 1118; baseline 0.002 -23"><span class='ocrx_word' id='word_1_67' title='bbox 185 1053 237 1097; x_wconf 90' lang='lat' dir='ltr'><strong>me</strong></span> <span class='ocrx_word' id='word_1_68' title='bbox 268 1030 429 1117; x_wconf 89' lang='lat' dir='ltr'><strong>gaudeam</strong></span> <span class='ocrx_word' id='word_1_69' title='bbox 461 1031 516 1095; x_wconf 93' lang='lat' dir='ltr'><strong>vel</strong></span> <span class='ocrx_word' id='word_1_70' title='bbox 546 1028 622 1114; x_wconf 91' lang='lat' dir='ltr'><strong>quid</strong></span> <span class='ocrx_word' id='word_1_71' title='bbox 653 1036 685 1094; x_wconf 90' lang='lat' dir='ltr'><strong>te</strong></span> <span class='ocrx_word' id='word_1_72' title='bbox 718 1029 844 1093; x_wconf 88' lang='lat' dir='ltr'><strong>celasse</strong></span> <span class='ocrx_word' id='word_1_73' title='bbox 876 1050 1099 1095; x_wconf 86' lang='lat' dir='ltr'><strong>succenseam.</strong></span> <span class='ocrx_word' id='word_1_74' title='bbox 1149 1034 1216 1117; x_wconf 92' lang='lat' dir='ltr'><strong>legi</strong></span> <span class='ocrx_word' id='word_1_75' title='bbox 1246 1033 1412 1098; x_wconf 89' lang='lat' dir='ltr'><strong>volumina</strong></span> <span class='ocrx_word' id='word_1_76' title='bbox 1440 1039 1513 1110; x_wconf 90' lang='lat' dir='ltr'><strong>tua,</strong></span> <span class='ocrx_word' id='word_1_77' title='bbox 1542 1053 1626 1118; x_wconf 89' lang='lat' dir='ltr'><strong>quae</strong></span> <span class='ocrx_word' id='word_1_78' title='bbox 1655 1032 1837 1099; x_wconf 87' lang='lat' dir='ltr'><strong>Riochatus</strong></span> 
     </span>
     <span class='ocr_line' id='line_1_8' title="bbox 184 1132 1836 1224; baseline 0.002 -24"><span class='ocrx_word' id='word_1_79' title='bbox 184 1136 323 1200; x_wconf 89' lang='lat' dir='ltr'><strong>antistes</strong></span> <span class='ocrx_word' id='word_1_80' title='bbox 347 1156 386 1199; x_wconf 88' lang='lat' dir='ltr'><strong>ac</strong></span> <span class='ocrx_word' id='word_1_81' title='bbox 408 1134 589 1198; x_wconf 88' lang='lat' dir='ltr'><strong>monachus</strong></span> <span class='ocrx_word' id='word_1_82' title='bbox 613 1140 710 1218; x_wconf 90' lang='lat' dir='ltr'><strong>atque</strong></span> <span class='ocrx_word' id='word_1_83' title='bbox 734 1133 827 1196; x_wconf 90' lang='lat' dir='ltr'><strong>istius</strong></span> <span class='ocrx_word' id='word_1_84' title='bbox 851 1132 963 1197; x_wconf 90' lang='lat' dir='ltr'><strong>mundi</strong></span> <span class='ocrx_word' id='word_1_85' title='bbox 985 1133 1037 1198; x_wconf 93' lang='lat' dir='ltr'><strong>his</strong></span> <span class='ocrx_word' id='word_1_86' title='bbox 1060 1137 1255 1220; x_wconf 89' lang='lat' dir='ltr'><strong>peregrinus</strong></span> <span class='ocrx_word' id='word_1_87' title='bbox 1272 1135 1436 1201; x_wconf 89' lang='lat' dir='ltr'><strong>Britannis</strong></span> <span class='ocrx_word' id='word_1_88' title='bbox 1460 1136 1526 1200; x_wconf 91' lang='lat' dir='ltr'><strong>tuis</strong></span> <span class='ocrx_word' id='word_1_89' title='bbox 1548 1158 1607 1222; x_wconf 91' lang='lat' dir='ltr'><strong>pro</strong></span> <span class='ocrx_word' id='word_1_90' title='bbox 1629 1144 1663 1202; x_wconf 88' lang='lat' dir='ltr'><strong>te</strong></span> <span class='ocrx_word' id='word_1_91' title='bbox 1680 1145 1836 1224; x_wconf 83' lang='lat' dir='ltr'><strong>reportat,</strong></span> 
     </span>
     <span class='ocr_line' id='line_1_9' title="bbox 183 1237 1835 1324; baseline 0.002 -21"><span class='ocrx_word' id='word_1_92' title='bbox 183 1240 239 1303; x_wconf 92' lang='lat' dir='ltr'><strong>illo</strong></span> <span class='ocrx_word' id='word_1_93' title='bbox 276 1239 341 1303; x_wconf 88' lang='lat' dir='ltr'><strong>iam</strong></span> <span class='ocrx_word' id='word_1_94' title='bbox 374 1239 407 1301; x_wconf 90' lang='lat' dir='ltr'><strong>in</strong></span> <span class='ocrx_word' id='word_1_95' title='bbox 440 1237 700 1323; x_wconf 85' lang='lat' dir='ltr'><strong>praesentiarum</strong></span> <span class='ocrx_word' id='word_1_96' title='bbox 737 1237 844 1300; x_wconf 87' lang='lat' dir='ltr'><strong>fausto</strong></span> <span class='ocrx_word' id='word_1_97' title='bbox 879 1238 1004 1322; x_wconf 88' lang='lat' dir='ltr'><strong>potius,</strong></span> <span class='ocrx_word' id='word_1_98' title='bbox 1044 1239 1099 1323; x_wconf 90' lang='lat' dir='ltr'><strong>qui</strong></span> <span class='ocrx_word' id='word_1_99' title='bbox 1129 1261 1194 1304; x_wconf 90' lang='lat' dir='ltr'><strong>non</strong></span> <span class='ocrx_word' id='word_1_100' title='bbox 1225 1240 1367 1304; x_wconf 88' lang='lat' dir='ltr'><strong>senescit</strong></span> <span class='ocrx_word' id='word_1_101' title='bbox 1399 1239 1518 1324; x_wconf 91' lang='lat' dir='ltr'><strong>quique</strong></span> <span class='ocrx_word' id='word_1_102' title='bbox 1549 1240 1734 1305; x_wconf 88' lang='lat' dir='ltr'><strong>viventibus</strong></span> <span class='ocrx_word' id='word_1_103' title='bbox 1770 1263 1835 1307; x_wconf 93' lang='lat' dir='ltr'><strong>nou</strong></span> 
     </span>
     <span class='ocr_line' id='line_1_10' title="bbox 182 1338 1837 1432; baseline 0.003 -26"><span class='ocrx_word' id='word_1_104' title='bbox 182 1340 353 1407; x_wconf 88' lang='lat' dir='ltr'><strong>defuturus</strong></span> <span class='ocrx_word' id='word_1_105' title='bbox 376 1348 452 1426; x_wconf 89' lang='lat' dir='ltr'><strong>post</strong></span> <span class='ocrx_word' id='word_1_106' title='bbox 477 1341 677 1426; x_wconf 89' lang='lat' dir='ltr'><strong>sepulturam</strong></span> <span class='ocrx_word' id='word_1_107' title='bbox 702 1338 759 1403; x_wconf 87' lang='lat' dir='ltr'><strong>liet</strong></span> <span class='ocrx_word' id='word_1_108' title='bbox 781 1359 842 1424; x_wconf 91' lang='lat' dir='ltr'><strong>per</strong></span> <span class='ocrx_word' id='word_1_109' title='bbox 864 1339 937 1426; x_wconf 89' lang='lat' dir='ltr'><strong>ipsa</strong></span> <span class='ocrx_word' id='word_1_110' title='bbox 967 1360 1051 1426; x_wconf 90' lang='lat' dir='ltr'><strong>quae</strong></span> <span class='ocrx_word' id='word_1_111' title='bbox 1080 1343 1210 1428; x_wconf 91' lang='lat' dir='ltr'><strong>scripsit</strong></span> <span class='ocrx_word' id='word_1_112' title='bbox 1238 1341 1300 1407; x_wconf 88' lang='lat' dir='ltr'><strong>sibi</strong></span> <span class='ocrx_word' id='word_1_113' title='bbox 1328 1348 1508 1429; x_wconf 89' lang='lat' dir='ltr'><strong>superstes.</strong></span> <span class='ocrx_word' id='word_1_114' title='bbox 1554 1341 1654 1427; x_wconf 90' lang='lat' dir='ltr'><strong>igitur</strong></span> <span class='ocrx_word' id='word_1_115' title='bbox 1681 1344 1735 1408; x_wconf 94' lang='lat' dir='ltr'><strong>hic</strong></span> <span class='ocrx_word' id='word_1_116' title='bbox 1763 1345 1837 1432; x_wconf 88' lang='lat' dir='ltr'><strong>ipse</strong></span> 
     </span>
     <span class='ocr_line' id='line_1_11' title="bbox 133 1442 1918 1534; baseline 0.001 -25"><span class='ocrx_word' id='word_1_117' title='bbox 133 1459 157 1497; x_wconf 86' lang='lat'><strong>¹⁰</strong></span> <span class='ocrx_word' id='word_1_118' title='bbox 181 1445 382 1510; x_wconf 90' lang='lat' dir='ltr'><strong>venerabilis</strong></span> <span class='ocrx_word' id='word_1_119' title='bbox 412 1444 499 1529; x_wconf 89' lang='lat' dir='ltr'><strong>apud</strong></span> <span class='ocrx_word' id='word_1_120' title='bbox 526 1442 681 1529; x_wconf 91' lang='lat' dir='ltr'><strong>oppidum</strong></span> <span class='ocrx_word' id='word_1_121' title='bbox 711 1449 859 1506; x_wconf 90' lang='lat' dir='ltr'><strong>nostrum</strong></span> <span class='ocrx_word' id='word_1_122' title='bbox 883 1463 956 1507; x_wconf 94' lang='lat' dir='ltr'><strong>cum</strong></span> <span class='ocrx_word' id='word_1_123' title='bbox 979 1451 1171 1523; x_wconf 88' lang='lat' dir='ltr'><strong>moraretur,</strong></span> <span class='ocrx_word' id='word_1_124' title='bbox 1203 1445 1307 1512; x_wconf 93' lang='lat' dir='ltr'><strong>donec</strong></span> <span class='ocrx_word' id='word_1_125' title='bbox 1330 1447 1478 1531; x_wconf 90' lang='lat' dir='ltr'><strong>gentium</strong></span> <span class='ocrx_word' id='word_1_126' title='bbox 1502 1448 1737 1512; x_wconf 87' lang='lat' dir='ltr'><strong>concitatarum</strong></span> <span class='ocrx_word' id='word_1_127' title='bbox 1760 1470 1835 1534; x_wconf 90' lang='lat' dir='ltr'><strong>pro·</strong></span> <span class='ocrx_word' id='word_1_128' title='bbox 1912 1502 1918 1511; x_wconf 76' lang='grc'>,</span> 
     </span>
     <span class='ocr_line' id='line_1_12' title="bbox 182 1545 1838 1636; baseline 0.002 -22"><span class='ocrx_word' id='word_1_129' title='bbox 182 1549 265 1614; x_wconf 89' lang='lat' dir='ltr'><strong>cella</strong></span> <span class='ocrx_word' id='word_1_130' title='bbox 288 1547 497 1620; x_wconf 83' lang='lat' dir='ltr'><strong>defremeret,</strong></span> <span class='ocrx_word' id='word_1_131' title='bbox 528 1548 620 1612; x_wconf 87' lang='lat' dir='ltr'><strong>cuius</strong></span> <span class='ocrx_word' id='word_1_132' title='bbox 643 1545 795 1611; x_wconf 87' lang='lat' dir='ltr'><strong>immanis</strong></span> <span class='ocrx_word' id='word_1_133' title='bbox 818 1545 894 1610; x_wconf 92' lang='lat' dir='ltr'><strong>hinc</strong></span> <span class='ocrx_word' id='word_1_134' title='bbox 917 1554 951 1612; x_wconf 89' lang='lat' dir='ltr'><strong>et</strong></span> <span class='ocrx_word' id='word_1_135' title='bbox 973 1547 1049 1612; x_wconf 90' lang='lat' dir='ltr'><strong>hinc</strong></span> <span class='ocrx_word' id='word_1_136' title='bbox 1073 1549 1168 1613; x_wconf 89' lang='lat' dir='ltr'><strong>turbo</strong></span> <span class='ocrx_word' id='word_1_137' title='bbox 1191 1556 1268 1614; x_wconf 90' lang='lat' dir='ltr'><strong>tune</strong></span> <span class='ocrx_word' id='word_1_138' title='bbox 1291 1549 1506 1629; x_wconf 87' lang='lat' dir='ltr'><strong>inhorruerat,</strong></span> <span class='ocrx_word' id='word_1_139' title='bbox 1534 1551 1580 1615; x_wconf 90' lang='lat' dir='ltr'><strong>sic</strong></span> <span class='ocrx_word' id='word_1_140' title='bbox 1604 1551 1731 1636; x_wconf 91' lang='lat' dir='ltr'><strong>reliqua</strong></span> <span class='ocrx_word' id='word_1_141' title='bbox 1752 1551 1838 1617; x_wconf 91' lang='lat' dir='ltr'><strong>dona</strong></span> 
     </span>
     <span class='ocr_line' id='line_1_13' title="bbox 182 1649 1835 1741; baseline 0.002 -25"><span class='ocrx_word' id='word_1_142' title='bbox 182 1660 293 1719; x_wconf 90' lang='lat' dir='ltr'><strong>vestra</strong></span> <span class='ocrx_word' id='word_1_143' title='bbox 331 1652 472 1731; x_wconf 89' lang='lat' dir='ltr'><strong>detexit,</strong></span> <span class='ocrx_word' id='word_1_144' title='bbox 509 1658 545 1714; x_wconf 92' lang='lat' dir='ltr'><strong>ut</strong></span> <span class='ocrx_word' id='word_1_145' title='bbox 577 1649 763 1736; x_wconf 89' lang='lat' dir='ltr'><strong>perurbane</strong></span> <span class='ocrx_word' id='word_1_146' title='bbox 798 1670 882 1736; x_wconf 89' lang='lat' dir='ltr'><strong>quae</strong></span> <span class='ocrx_word' id='word_1_147' title='bbox 916 1653 1156 1736; x_wconf 88' lang='lat' dir='ltr'><strong>praestantiora</strong></span> <span class='ocrx_word' id='word_1_148' title='bbox 1192 1654 1344 1739; x_wconf 89' lang='lat' dir='ltr'><strong>portabat</strong></span> <span class='ocrx_word' id='word_1_149' title='bbox 1381 1653 1564 1740; x_wconf 89' lang='lat' dir='ltr'><strong>operuerit,</strong></span> <span class='ocrx_word' id='word_1_150' title='bbox 1599 1656 1711 1741; x_wconf 89' lang='lat' dir='ltr'><strong>spinas</strong></span> <span class='ocrx_word' id='word_1_151' title='bbox 1744 1677 1835 1721; x_wconf 90' lang='lat' dir='ltr'><strong>meas</strong></span> 
     </span>
     <span class='ocr_line' id='line_1_14' title="bbox 180 1753 1885 1845; baseline 0.001 -25"><span class='ocrx_word' id='word_1_152' title='bbox 180 1758 345 1822; x_wconf 87' lang='lat' dir='ltr'><strong>illustrare</strong></span> <span class='ocrx_word' id='word_1_153' title='bbox 369 1755 582 1820; x_wconf 90' lang='lat' dir='ltr'><strong>dissimulans</strong></span> <span class='ocrx_word' id='word_1_154' title='bbox 606 1755 671 1818; x_wconf 91' lang='lat' dir='ltr'><strong>tuis</strong></span> <span class='ocrx_word' id='word_1_155' title='bbox 694 1754 840 1820; x_wconf 89' lang='lat' dir='ltr'><strong>floribus.</strong></span> <span class='ocrx_word' id='word_1_156' title='bbox 878 1753 935 1818; x_wconf 89' lang='lat' dir='ltr'><strong>sed</strong></span> <span class='ocrx_word' id='word_1_157' title='bbox 958 1760 1034 1840; x_wconf 91' lang='lat' dir='ltr'><strong>post</strong></span> <span class='ocrx_word' id='word_1_158' title='bbox 1056 1754 1138 1820; x_wconf 90' lang='lat' dir='ltr'><strong>duos</strong></span> <span class='ocrx_word' id='word_1_159' title='bbox 1162 1762 1219 1821; x_wconf 89' lang='lat' dir='ltr'><strong>aut</strong></span> <span class='ocrx_word' id='word_1_160' title='bbox 1241 1758 1292 1821; x_wconf 89' lang='lat' dir='ltr'><strong>his</strong></span> <span class='ocrx_word' id='word_1_161' title='bbox 1317 1757 1458 1843; x_wconf 90' lang='lat' dir='ltr'><strong>amplius</strong></span> <span class='ocrx_word' id='word_1_162' title='bbox 1481 1778 1612 1822; x_wconf 89' lang='lat' dir='ltr'><strong>menses</strong></span> <span class='ocrx_word' id='word_1_163' title='bbox 1636 1760 1682 1823; x_wconf 91' lang='lat' dir='ltr'><strong>sic</strong></span> <span class='ocrx_word' id='word_1_164' title='bbox 1705 1780 1834 1845; x_wconf 90' lang='lat' dir='ltr'><strong>quoque</strong></span> <span class='ocrx_word' id='word_1_165' title='bbox 1868 1762 1885 1822; x_wconf 82' lang='lat'><strong>7</strong></span> 
     </span>
     <span class='ocr_line' id='line_1_15' title="bbox 180 1856 1834 1947; baseline 0.001 -23"><span class='ocrx_word' id='word_1_166' title='bbox 180 1860 318 1924; x_wconf 88' lang='lat' dir='ltr'><strong>anobis</strong></span> <span class='ocrx_word' id='word_1_167' title='bbox 342 1859 407 1924; x_wconf 91' lang='lat' dir='ltr'><strong>cito</strong></span> <span class='ocrx_word' id='word_1_168' title='bbox 430 1858 613 1944; x_wconf 87' lang='lat' dir='ltr'><strong>profectum</strong></span> <span class='ocrx_word' id='word_1_169' title='bbox 638 1878 712 1921; x_wconf 91' lang='lat' dir='ltr'><strong>cum</strong></span> <span class='ocrx_word' id='word_1_170' title='bbox 736 1859 880 1943; x_wconf 91' lang='lat' dir='ltr'><strong>quipiam</strong></span> <span class='ocrx_word' id='word_1_171' title='bbox 904 1856 1127 1943; x_wconf 88' lang='lat' dir='ltr'><strong>prodidissent</strong></span> <span class='ocrx_word' id='word_1_172' title='bbox 1150 1858 1191 1924; x_wconf 91' lang='lat' dir='ltr'><strong>de</strong></span> <span class='ocrx_word' id='word_1_173' title='bbox 1208 1861 1388 1925; x_wconf 91' lang='lat' dir='ltr'><strong>viatoribus</strong></span> <span class='ocrx_word' id='word_1_174' title='bbox 1412 1861 1570 1946; x_wconf 85' lang='lat' dir='ltr'><strong>mysticae</strong></span> <span class='ocrx_word' id='word_1_175' title='bbox 1594 1882 1697 1947; x_wconf 89' lang='lat' dir='ltr'><strong>gazae</strong></span> <span class='ocrx_word' id='word_1_176' title='bbox 1714 1862 1834 1926; x_wconf 89' lang='lat' dir='ltr'><strong>clausis</strong></span> 
     </span>
     <span class='ocr_line' id='line_1_16' title="bbox 132 1961 1835 2050; baseline 0.001 -22"><span class='ocrx_word' id='word_1_177' title='bbox 132 1977 153 2015; x_wconf 81' lang='lat'><strong>¹⁵</strong></span> <span class='ocrx_word' id='word_1_178' title='bbox 179 1964 357 2028; x_wconf 88' lang='lat' dir='ltr'><strong>involucris</strong></span> <span class='ocrx_word' id='word_1_179' title='bbox 382 1965 466 2027; x_wconf 90' lang='lat' dir='ltr'><strong>clam</strong></span> <span class='ocrx_word' id='word_1_180' title='bbox 489 1961 574 2026; x_wconf 86' lang='lat' dir='ltr'><strong>ferre</strong></span> <span class='ocrx_word' id='word_1_181' title='bbox 598 1962 782 2040; x_wconf 90' lang='lat' dir='ltr'><strong>thesauros,</strong></span> <span class='ocrx_word' id='word_1_182' title='bbox 807 1962 997 2048; x_wconf 89' lang='lat' dir='ltr'><strong>pernicibus</strong></span> <span class='ocrx_word' id='word_1_183' title='bbox 1015 1964 1107 2047; x_wconf 88' lang='lat' dir='ltr'><strong>cquis</strong></span> <span class='ocrx_word' id='word_1_184' title='bbox 1123 1963 1291 2028; x_wconf 86' lang='lat' dir='ltr'><strong>insecutus</strong></span> <span class='ocrx_word' id='word_1_185' title='bbox 1307 1963 1492 2040; x_wconf 87' lang='lat' dir='ltr'><strong>abeuntem,</strong></span> <span class='ocrx_word' id='word_1_186' title='bbox 1515 1964 1570 2048; x_wconf 91' lang='lat' dir='ltr'><strong>qui</strong></span> <span class='ocrx_word' id='word_1_187' title='bbox 1587 1964 1685 2029; x_wconf 83' lang='lat' dir='ltr'><strong>facile</strong></span> <span class='ocrx_word' id='word_1_188' title='bbox 1699 1971 1835 2050; x_wconf 89' lang='lat' dir='ltr'><strong>possent</strong></span> 
     </span>
     <span class='ocr_line' id='line_1_17' title="bbox 180 2065 1833 2153; baseline -0.001 -21"><span class='ocrx_word' id='word_1_189' title='bbox 180 2068 306 2132; x_wconf 90' lang='lat' dir='ltr'><strong>itineris</strong></span> <span class='ocrx_word' id='word_1_190' title='bbox 328 2066 468 2153; x_wconf 90' lang='lat' dir='ltr'><strong>pridiani</strong></span> <span class='ocrx_word' id='word_1_191' title='bbox 493 2065 599 2150; x_wconf 91' lang='lat' dir='ltr'><strong>spatia</strong></span> <span class='ocrx_word' id='word_1_192' title='bbox 622 2072 847 2150; x_wconf 88' lang='lat' dir='ltr'><strong>praevertere,</strong></span> <span class='ocrx_word' id='word_1_193' title='bbox 881 2067 992 2130; x_wconf 91' lang='lat' dir='ltr'><strong>osculo</strong></span> <span class='ocrx_word' id='word_1_194' title='bbox 1016 2066 1049 2129; x_wconf 93' lang='lat' dir='ltr'><strong>in</strong></span> <span class='ocrx_word' id='word_1_195' title='bbox 1072 2067 1184 2131; x_wconf 88' lang='lat' dir='ltr'><strong>fauces</strong></span> <span class='ocrx_word' id='word_1_196' title='bbox 1209 2068 1358 2153; x_wconf 91' lang='lat' dir='ltr'><strong>occupati</strong></span> <span class='ocrx_word' id='word_1_197' title='bbox 1383 2066 1516 2132; x_wconf 89' lang='lat' dir='ltr'><strong>latronis</strong></span> <span class='ocrx_word' id='word_1_198' title='bbox 1538 2067 1667 2146; x_wconf 89' lang='lat' dir='ltr'><strong>insilui,</strong></span> <span class='ocrx_word' id='word_1_199' title='bbox 1690 2067 1833 2132; x_wconf 89' lang='lat' dir='ltr'><strong>humano</strong></span> 
     </span>
     <span class='ocr_line' id='line_1_18' title="bbox 179 2169 1832 2256; baseline -0.001 -21"><span class='ocrx_word' id='word_1_200' title='bbox 179 2172 267 2247; x_wconf 89' lang='lat' dir='ltr'><strong>ioco,</strong></span> <span class='ocrx_word' id='word_1_201' title='bbox 298 2177 396 2256; x_wconf 89' lang='lat' dir='ltr'><strong>gestu</strong></span> <span class='ocrx_word' id='word_1_202' title='bbox 423 2169 544 2245; x_wconf 86' lang='lat' dir='ltr'><strong>ferino,</strong></span> <span class='ocrx_word' id='word_1_203' title='bbox 574 2169 677 2232; x_wconf 90' lang='lat' dir='ltr'><strong>veluti</strong></span> <span class='ocrx_word' id='word_1_204' title='bbox 706 2169 732 2232; x_wconf 88' lang='lat' dir='ltr'><strong>ai</strong></span> <span class='ocrx_word' id='word_1_205' title='bbox 763 2189 943 2234; x_wconf 84' lang='lat' dir='ltr'><strong>excussura</strong></span> <span class='ocrx_word' id='word_1_206' title='bbox 971 2190 1208 2255; x_wconf 88' lang='lat' dir='ltr'><strong>quemeumque</strong></span> <span class='ocrx_word' id='word_1_207' title='bbox 1238 2171 1419 2235; x_wconf 88' lang='lat' dir='ltr'><strong>catulorum</strong></span> <span class='ocrx_word' id='word_1_208' title='bbox 1442 2170 1556 2235; x_wconf 92' lang='lat' dir='ltr'><strong>Parthi</strong></span> <span class='ocrx_word' id='word_1_209' title='bbox 1586 2171 1671 2235; x_wconf 89' lang='lat' dir='ltr'><strong>colla</strong></span> <span class='ocrx_word' id='word_1_210' title='bbox 1693 2171 1832 2256; x_wconf 87' lang='lat' dir='ltr'><strong>raptoris</strong></span> 
     </span>
     <span class='ocr_line' id='line_1_19' title="bbox 178 2271 1882 2361; baseline -0.001 -21"><span class='ocrx_word' id='word_1_211' title='bbox 178 2275 263 2361; x_wconf 90' lang='lat' dir='ltr'><strong>pede</strong></span> <span class='ocrx_word' id='word_1_212' title='bbox 288 2274 413 2338; x_wconf 85' lang='lat' dir='ltr'><strong>volatili</strong></span> <span class='ocrx_word' id='word_1_213' title='bbox 442 2273 535 2357; x_wconf 88' lang='lat' dir='ltr'><strong>tigris</strong></span> <span class='ocrx_word' id='word_1_214' title='bbox 559 2273 674 2336; x_wconf 90' lang='lat' dir='ltr'><strong>orbata</strong></span> <span class='ocrx_word' id='word_1_215' title='bbox 697 2273 925 2358; x_wconf 85' lang='lat' dir='ltr'><strong>superemicet.</strong></span> <span class='ocrx_word' id='word_1_216' title='bbox 971 2271 1049 2357; x_wconf 91' lang='lat' dir='ltr'><strong>quid</strong></span> <span class='ocrx_word' id='word_1_217' title='bbox 1072 2274 1195 2338; x_wconf 86' lang='lat' dir='ltr'><strong>multa?</strong></span> <span class='ocrx_word' id='word_1_218' title='bbox 1225 2275 1313 2361; x_wconf 90' lang='lat' dir='ltr'><strong>capti</strong></span> <span class='ocrx_word' id='word_1_219' title='bbox 1337 2274 1476 2361; x_wconf 89' lang='lat' dir='ltr'><strong>hospitis</strong></span> <span class='ocrx_word' id='word_1_220' title='bbox 1499 2296 1608 2360; x_wconf 93' lang='lat' dir='ltr'><strong>genua</strong></span> <span class='ocrx_word' id='word_1_221' title='bbox 1630 2276 1831 2361; x_wconf 90' lang='lat' dir='ltr'><strong>complector</strong></span> <span class='ocrx_word' id='word_1_222' title='bbox 1862 2275 1882 2338; x_wconf 82' lang='grc'>8</span> 
     </span>
     <span class='ocr_line' id='line_1_20' title="bbox 177 2375 1830 2464; baseline -0.002 -21"><span class='ocrx_word' id='word_1_223' title='bbox 177 2378 323 2444; x_wconf 90' lang='lat' dir='ltr'><strong>iumenta</strong></span> <span class='ocrx_word' id='word_1_224' title='bbox 353 2377 446 2456; x_wconf 88' lang='lat' dir='ltr'><strong>sisto,</strong></span> <span class='ocrx_word' id='word_1_225' title='bbox 477 2375 571 2439; x_wconf 88' lang='lat' dir='ltr'><strong>frena</strong></span> <span class='ocrx_word' id='word_1_226' title='bbox 593 2375 659 2460; x_wconf 92' lang='lat' dir='ltr'><strong>ligo</strong></span> <span class='ocrx_word' id='word_1_227' title='bbox 684 2376 830 2439; x_wconf 86' lang='lat' dir='ltr'><strong>sarcinas</strong></span> <span class='ocrx_word' id='word_1_228' title='bbox 855 2377 958 2454; x_wconf 90' lang='lat' dir='ltr'><strong>solvo,</strong></span> <span class='ocrx_word' id='word_1_229' title='bbox 992 2378 1177 2460; x_wconf 91' lang='lat' dir='ltr'><strong>quaesitum</strong></span> <span class='ocrx_word' id='word_1_230' title='bbox 1200 2378 1355 2442; x_wconf 90' lang='lat' dir='ltr'><strong>volumen</strong></span> <span class='ocrx_word' id='word_1_231' title='bbox 1377 2378 1507 2443; x_wconf 88' lang='lat' dir='ltr'><strong>invenio</strong></span> <span class='ocrx_word' id='word_1_232' title='bbox 1529 2376 1687 2464; x_wconf 91' lang='lat' dir='ltr'><strong>produco,</strong></span> <span class='ocrx_word' id='word_1_233' title='bbox 1717 2377 1830 2441; x_wconf 91' lang='lat' dir='ltr'><strong>lectito</strong></span> 
     </span>
     <span class='ocr_line' id='line_1_21' title="bbox 126 2478 1830 2568; baseline -0.001 -22"><span class='ocrx_word' id='word_1_234' title='bbox 126 2495 151 2534; x_wconf 72' lang='lat'><strong>2⁰</strong></span> <span class='ocrx_word' id='word_1_235' title='bbox 177 2501 324 2568; x_wconf 90' lang='lat' dir='ltr'><strong>excerpo</strong></span> <span class='ocrx_word' id='word_1_236' title='bbox 353 2481 496 2544; x_wconf 86' lang='lat' dir='ltr'><strong>maxima</strong></span> <span class='ocrx_word' id='word_1_237' title='bbox 523 2501 566 2544; x_wconf 82' lang='lat' dir='ltr'><strong>ex</strong></span> <span class='ocrx_word' id='word_1_238' title='bbox 594 2479 721 2563; x_wconf 89' lang='lat' dir='ltr'><strong>magnis</strong></span> <span class='ocrx_word' id='word_1_239' title='bbox 750 2479 859 2565; x_wconf 88' lang='lat' dir='ltr'><strong>capita</strong></span> <span class='ocrx_word' id='word_1_240' title='bbox 887 2478 1084 2546; x_wconf 88' lang='lat' dir='ltr'><strong>defrustans.</strong></span> <span class='ocrx_word' id='word_1_241' title='bbox 1130 2482 1243 2545; x_wconf 90' lang='lat' dir='ltr'><strong>tribuit</strong></span> <span class='ocrx_word' id='word_1_242' title='bbox 1271 2487 1304 2546; x_wconf 92' lang='lat' dir='ltr'><strong>et</strong></span> <span class='ocrx_word' id='word_1_243' title='bbox 1333 2481 1496 2566; x_wconf 89' lang='lat' dir='ltr'><strong>quoddam</strong></span> <span class='ocrx_word' id='word_1_244' title='bbox 1525 2481 1648 2546; x_wconf 87' lang='lat' dir='ltr'><strong>dictare</strong></span> <span class='ocrx_word' id='word_1_245' title='bbox 1672 2479 1830 2545; x_wconf 89' lang='lat' dir='ltr'><strong>celeranti</strong></span> 
     </span>
     <span class='ocr_line' id='line_1_22' title="bbox 177 2583 1829 2671; baseline -0.002 -22"><span class='ocrx_word' id='word_1_246' title='bbox 177 2585 357 2649; x_wconf 86' lang='lat' dir='ltr'><strong>scribarum</strong></span> <span class='ocrx_word' id='word_1_247' title='bbox 387 2585 570 2668; x_wconf 88' lang='lat' dir='ltr'><strong>sequacitas</strong></span> <span class='ocrx_word' id='word_1_248' title='bbox 600 2583 747 2647; x_wconf 91' lang='lat' dir='ltr'><strong>saltuosa</strong></span> <span class='ocrx_word' id='word_1_249' title='bbox 775 2583 1016 2668; x_wconf 87' lang='lat' dir='ltr'><strong>compendium,</strong></span> <span class='ocrx_word' id='word_1_250' title='bbox 1047 2584 1102 2669; x_wconf 90' lang='lat' dir='ltr'><strong>qui</strong></span> <span class='ocrx_word' id='word_1_251' title='bbox 1132 2583 1454 2670; x_wconf 89' lang='lat' dir='ltr'><strong>comprehendebant</strong></span> <span class='ocrx_word' id='word_1_252' title='bbox 1478 2586 1579 2671; x_wconf 90' lang='lat' dir='ltr'><strong>signis</strong></span> <span class='ocrx_word' id='word_1_253' title='bbox 1603 2583 1688 2669; x_wconf 91' lang='lat' dir='ltr'><strong>quod</strong></span> <span class='ocrx_word' id='word_1_254' title='bbox 1711 2583 1829 2649; x_wconf 87' lang='lat' dir='ltr'><strong>litteris</strong></span> 
     </span>
     <span class='ocr_line' id='line_1_23' title="bbox 175 2687 1827 2774; baseline -0.001 -21"><span class='ocrx_word' id='word_1_255' title='bbox 175 2710 242 2754; x_wconf 92' lang='lat' dir='ltr'><strong>non</strong></span> <span class='ocrx_word' id='word_1_256' title='bbox 267 2688 433 2753; x_wconf 87' lang='lat' dir='ltr'><strong>tenebant.</strong></span> <span class='ocrx_word' id='word_1_257' title='bbox 473 2687 590 2772; x_wconf 90' lang='lat' dir='ltr'><strong>quibus</strong></span> <span class='ocrx_word' id='word_1_258' title='bbox 614 2688 757 2751; x_wconf 88' lang='lat' dir='ltr'><strong>lacrimis</strong></span> <span class='ocrx_word' id='word_1_259' title='bbox 782 2709 861 2753; x_wconf 89' lang='lat' dir='ltr'><strong>sane</strong></span> <span class='ocrx_word' id='word_1_260' title='bbox 885 2688 1104 2753; x_wconf 90' lang='lat' dir='ltr'><strong>maduerimus</strong></span> <span class='ocrx_word' id='word_1_261' title='bbox 1128 2695 1241 2753; x_wconf 90' lang='lat' dir='ltr'><strong>mutuo</strong></span> <span class='ocrx_word' id='word_1_262' title='bbox 1261 2689 1404 2753; x_wconf 90' lang='lat' dir='ltr'><strong>vicissim</strong></span> <span class='ocrx_word' id='word_1_263' title='bbox 1428 2690 1506 2754; x_wconf 87' lang='lat' dir='ltr'><strong>fletu</strong></span> <span class='ocrx_word' id='word_1_264' title='bbox 1529 2691 1637 2774; x_wconf 90' lang='lat' dir='ltr'><strong>rigati,</strong></span> <span class='ocrx_word' id='word_1_265' title='bbox 1660 2696 1738 2753; x_wconf 90' lang='lat' dir='ltr'><strong>tunc</strong></span> <span class='ocrx_word' id='word_1_266' title='bbox 1755 2710 1827 2753; x_wconf 91' lang='lat' dir='ltr'><strong>cum</strong></span> 
     </span>
     <span class='ocr_line' id='line_1_24' title="bbox 176 2790 1826 2877; baseline -0.001 -21"><span class='ocrx_word' id='word_1_267' title='bbox 176 2793 219 2856; x_wconf 92' lang='lat' dir='ltr'><strong>ab</strong></span> <span class='ocrx_word' id='word_1_268' title='bbox 247 2793 402 2877; x_wconf 88' lang='lat' dir='ltr'><strong>amplexu</strong></span> <span class='ocrx_word' id='word_1_269' title='bbox 433 2812 533 2876; x_wconf 89' lang='lat' dir='ltr'><strong>saepe</strong></span> <span class='ocrx_word' id='word_1_270' title='bbox 562 2791 702 2876; x_wconf 89' lang='lat' dir='ltr'><strong>repetito</strong></span> <span class='ocrx_word' id='word_1_271' title='bbox 726 2811 964 2876; x_wconf 83' lang='lat' dir='ltr'><strong>separaremur,</strong></span> <span class='ocrx_word' id='word_1_272' title='bbox 993 2791 1125 2876; x_wconf 88' lang='lat' dir='ltr'><strong>longum</strong></span> <span class='ocrx_word' id='word_1_273' title='bbox 1151 2798 1202 2855; x_wconf 90' lang='lat' dir='ltr'><strong>est</strong></span> <span class='ocrx_word' id='word_1_274' title='bbox 1224 2790 1349 2857; x_wconf 89' lang='lat' dir='ltr'><strong>dixisse</strong></span> <span class='ocrx_word' id='word_1_275' title='bbox 1372 2813 1433 2857; x_wconf 92' lang='lat' dir='ltr'><strong>nec</strong></span> <span class='ocrx_word' id='word_1_276' title='bbox 1456 2793 1574 2868; x_wconf 82' lang='lat' dir='ltr'><strong>refert3</strong></span> <span class='ocrx_word' id='word_1_277' title='bbox 1604 2791 1689 2876; x_wconf 91' lang='lat' dir='ltr'><strong>quod</strong></span> <span class='ocrx_word' id='word_1_278' title='bbox 1712 2792 1826 2855; x_wconf 89' lang='lat' dir='ltr'><strong>trium-</strong></span> 
     </span>
     <span class='ocr_line' id='line_1_25' title="bbox 173 2891 1825 2982; baseline -0.002 -22"><span class='ocrx_word' id='word_1_279' title='bbox 173 2896 264 2982; x_wconf 92' lang='lat' dir='ltr'><strong>phali</strong></span> <span class='ocrx_word' id='word_1_280' title='bbox 299 2895 421 2959; x_wconf 83' lang='lat' dir='ltr'><strong>suflicit</strong></span> <span class='ocrx_word' id='word_1_281' title='bbox 449 2891 582 2979; x_wconf 89' lang='lat' dir='ltr'><strong>gaudio,</strong></span> <span class='ocrx_word' id='word_1_282' title='bbox 620 2894 733 2979; x_wconf 90' lang='lat' dir='ltr'><strong>spoliis</strong></span> <span class='ocrx_word' id='word_1_283' title='bbox 766 2901 918 2959; x_wconf 89' lang='lat' dir='ltr'><strong>onustum</strong></span> <span class='ocrx_word' id='word_1_284' title='bbox 949 2894 1096 2958; x_wconf 89' lang='lat' dir='ltr'><strong>caritatis</strong></span> <span class='ocrx_word' id='word_1_285' title='bbox 1125 2901 1158 2958; x_wconf 93' lang='lat' dir='ltr'><strong>et</strong></span> <span class='ocrx_word' id='word_1_286' title='bbox 1188 2895 1342 2981; x_wconf 87' lang='lat' dir='ltr'><strong>spiritalis</strong></span> <span class='ocrx_word' id='word_1_287' title='bbox 1379 2902 1561 2981; x_wconf 90' lang='lat' dir='ltr'><strong>compotem</strong></span> <span class='ocrx_word' id='word_1_288' title='bbox 1597 2894 1739 2979; x_wconf 91' lang='lat' dir='ltr'><strong>praedae</strong></span> <span class='ocrx_word' id='word_1_289' title='bbox 1773 2914 1825 2957; x_wconf 92' lang='lat' dir='ltr'><strong>me</strong></span> 
     </span>
     <span class='ocr_line' id='line_1_26' title="bbox 122 2995 1878 3082; baseline -0.002 -19"><span class='ocrx_word' id='word_1_290' title='bbox 122 3013 147 3051; x_wconf 70' lang='lat'><strong>2⁵</strong></span> <span class='ocrx_word' id='word_1_291' title='bbox 173 3000 306 3064; x_wconf 92' lang='lat' dir='ltr'><strong>domum</strong></span> <span class='ocrx_word' id='word_1_292' title='bbox 330 2997 451 3063; x_wconf 91' lang='lat' dir='ltr'><strong>rettuli.</strong></span> <span class='ocrx_word' id='word_1_293' title='bbox 497 2997 627 3082; x_wconf 92' lang='lat' dir='ltr'><strong>quaeris</strong></span> <span class='ocrx_word' id='word_1_294' title='bbox 650 3018 749 3077; x_wconf 92' lang='lat' dir='ltr'><strong>nune,</strong></span> <span class='ocrx_word' id='word_1_295' title='bbox 774 2998 851 3082; x_wconf 93' lang='lat' dir='ltr'><strong>quid</strong></span> <span class='ocrx_word' id='word_1_296' title='bbox 873 2996 915 3062; x_wconf 90' lang='lat' dir='ltr'><strong>de</strong></span> <span class='ocrx_word' id='word_1_297' title='bbox 938 2997 1098 3062; x_wconf 86' lang='lat' dir='ltr'><strong>manubiis</strong></span> <span class='ocrx_word' id='word_1_298' title='bbox 1122 2999 1205 3062; x_wconf 89' lang='lat' dir='ltr'><strong>meis</strong></span> <span class='ocrx_word' id='word_1_299' title='bbox 1227 2997 1383 3073; x_wconf 85' lang='lat' dir='ltr'><strong>iudicem:</strong></span> <span class='ocrx_word' id='word_1_300' title='bbox 1406 2998 1526 3063; x_wconf 92' lang='lat' dir='ltr'><strong>nollem</strong></span> <span class='ocrx_word' id='word_1_301' title='bbox 1550 2996 1655 3061; x_wconf 90' lang='lat' dir='ltr'><strong>adbuc</strong></span> <span class='ocrx_word' id='word_1_302' title='bbox 1677 2995 1826 3081; x_wconf 88' lang='lat' dir='ltr'><strong>prodere,</strong></span> <span class='ocrx_word' id='word_1_303' title='bbox 1859 2999 1878 3060; x_wconf 88' lang='grc'>9</span> 
     </span>
     <span class='ocr_line' id='line_1_27' title="bbox 177 3100 1825 3187; baseline -0.001 -20"><span class='ocrx_word' id='word_1_304' title='bbox 177 3123 242 3187; x_wconf 93' lang='lat' dir='ltr'><strong>quo</strong></span> <span class='ocrx_word' id='word_1_305' title='bbox 266 3102 450 3166; x_wconf 90' lang='lat' dir='ltr'><strong>diuturnius</strong></span> <span class='ocrx_word' id='word_1_306' title='bbox 474 3101 705 3185; x_wconf 83' lang='lat' dir='ltr'><strong>expectatione</strong></span> <span class='ocrx_word' id='word_1_307' title='bbox 728 3100 907 3187; x_wconf 89' lang='lat' dir='ltr'><strong>penderes;</strong></span> <span class='ocrx_word' id='word_1_308' title='bbox 930 3101 1005 3185; x_wconf 89' lang='lat' dir='ltr'><strong>plus</strong></span> <span class='ocrx_word' id='word_1_309' title='bbox 1028 3121 1080 3165; x_wconf 92' lang='lat' dir='ltr'><strong>me</strong></span> <span class='ocrx_word' id='word_1_310' title='bbox 1104 3101 1191 3165; x_wconf 90' lang='lat' dir='ltr'><strong>enim</strong></span> <span class='ocrx_word' id='word_1_311' title='bbox 1212 3101 1397 3183; x_wconf 82' lang='lat' dir='ltr'><strong>ulciscerer,</strong></span> <span class='ocrx_word' id='word_1_312' title='bbox 1422 3103 1449 3166; x_wconf 90' lang='lat' dir='ltr'><strong>si</strong></span> <span class='ocrx_word' id='word_1_313' title='bbox 1466 3100 1552 3187; x_wconf 92' lang='lat' dir='ltr'><strong>quod</strong></span> <span class='ocrx_word' id='word_1_314' title='bbox 1568 3101 1655 3165; x_wconf 89' lang='lat' dir='ltr'><strong>sensi</strong></span> <span class='ocrx_word' id='word_1_315' title='bbox 1670 3106 1825 3166; x_wconf 89' lang='lat' dir='ltr'><strong>tacerem.</strong></span> 
     </span>
     <span class='ocr_line' id='line_1_28' title="bbox 174 3202 1825 3291; baseline -0.002 -20"><span class='ocrx_word' id='word_1_316' title='bbox 174 3205 234 3272; x_wconf 91' lang='lat' dir='ltr'><strong>sed</strong></span> <span class='ocrx_word' id='word_1_317' title='bbox 263 3207 327 3271; x_wconf 90' lang='lat' dir='ltr'><strong>iarn</strong></span> <span class='ocrx_word' id='word_1_318' title='bbox 356 3226 417 3269; x_wconf 91' lang='lat' dir='ltr'><strong>nce</strong></span> <span class='ocrx_word' id='word_1_319' title='bbox 442 3205 515 3290; x_wconf 89' lang='lat' dir='ltr'><strong>ipse</strong></span> <span class='ocrx_word' id='word_1_320' title='bbox 542 3204 663 3268; x_wconf 88' lang='lat' dir='ltr'><strong>frustra</strong></span> <span class='ocrx_word' id='word_1_321' title='bbox 693 3204 860 3291; x_wconf 88' lang='lat' dir='ltr'><strong>superbis,</strong></span> <span class='ocrx_word' id='word_1_322' title='bbox 895 3211 1010 3289; x_wconf 90' lang='lat' dir='ltr'><strong>utpote</strong></span> <span class='ocrx_word' id='word_1_323' title='bbox 1038 3204 1236 3289; x_wconf 90' lang='lat' dir='ltr'><strong>intellegens</strong></span> <span class='ocrx_word' id='word_1_324' title='bbox 1266 3205 1325 3269; x_wconf 94' lang='lat' dir='ltr'><strong>tibi</strong></span> <span class='ocrx_word' id='word_1_325' title='bbox 1354 3205 1463 3270; x_wconf 89' lang='lat' dir='ltr'><strong>inesse</strong></span> <span class='ocrx_word' id='word_1_326' title='bbox 1491 3204 1644 3268; x_wconf 89' lang='lat' dir='ltr'><strong>virtutem</strong></span> <span class='ocrx_word' id='word_1_327' title='bbox 1675 3202 1722 3267; x_wconf 90' lang='lat' dir='ltr'><strong>sio</strong></span> <span class='ocrx_word' id='word_1_328' title='bbox 1748 3224 1825 3288; x_wconf 90' lang='lat' dir='ltr'><strong>per-</strong></span> 
     </span>
     <span class='ocr_line' id='line_1_29' title="bbox 172 3306 1824 3395; baseline -0.002 -21"><span class='ocrx_word' id='word_1_329' title='bbox 172 3309 299 3391; x_wconf 89' lang='lat' dir='ltr'><strong>orandi,</strong></span> <span class='ocrx_word' id='word_1_330' title='bbox 329 3316 365 3372; x_wconf 92' lang='lat' dir='ltr'><strong>ut</strong></span> <span class='ocrx_word' id='word_1_331' title='bbox 394 3309 507 3373; x_wconf 88' lang='lat' dir='ltr'><strong>lectori</strong></span> <span class='ocrx_word' id='word_1_332' title='bbox 537 3315 592 3371; x_wconf 89' lang='lat' dir='ltr'><strong>tuo</strong></span> <span class='ocrx_word' id='word_1_333' title='bbox 622 3329 681 3373; x_wconf 86' lang='lat' dir='ltr'><strong>seu</strong></span> <span class='ocrx_word' id='word_1_334' title='bbox 709 3308 883 3373; x_wconf 89' lang='lat' dir='ltr'><strong>reluctanti</strong></span> <span class='ocrx_word' id='word_1_335' title='bbox 912 3330 971 3372; x_wconf 90' lang='lat' dir='ltr'><strong>seu</strong></span> <span class='ocrx_word' id='word_1_336' title='bbox 997 3308 1181 3372; x_wconf 88' lang='lat' dir='ltr'><strong>voluntario</strong></span> <span class='ocrx_word' id='word_1_337' title='bbox 1210 3309 1258 3372; x_wconf 88' lang='lat' dir='ltr'><strong>vis</strong></span> <span class='ocrx_word' id='word_1_338' title='bbox 1280 3308 1457 3395; x_wconf 87' lang='lat' dir='ltr'><strong>voluptatis</strong></span> <span class='ocrx_word' id='word_1_339' title='bbox 1485 3307 1627 3373; x_wconf 87' lang='lat' dir='ltr'><strong>excudat</strong></span> <span class='ocrx_word' id='word_1_340' title='bbox 1656 3306 1824 3392; x_wconf 90' lang='lat' dir='ltr'><strong>praeconii</strong></span> 
     </span>
     <span class='ocr_line' id='line_1_30' title="bbox 172 3411 1824 3500; baseline -0.002 -22"><span class='ocrx_word' id='word_1_341' title='bbox 172 3413 416 3478; x_wconf 86' lang='lat' dir='ltr'><strong>necessitatem.</strong></span> <span class='ocrx_word' id='word_1_342' title='bbox 461 3412 598 3498; x_wconf 90' lang='lat' dir='ltr'><strong>proinde</strong></span> <span class='ocrx_word' id='word_1_343' title='bbox 627 3413 755 3498; x_wconf 89' lang='lat' dir='ltr'><strong>accipe,</strong></span> <span class='ocrx_word' id='word_1_344' title='bbox 785 3412 861 3496; x_wconf 89' lang='lat' dir='ltr'><strong>quid</strong></span> <span class='ocrx_word' id='word_1_345' title='bbox 891 3433 990 3500; x_wconf 90' lang='lat' dir='ltr'><strong>super</strong></span> <span class='ocrx_word' id='word_1_346' title='bbox 1018 3412 1147 3498; x_wconf 90' lang='lat' dir='ltr'><strong>scriptis</strong></span> <span class='ocrx_word' id='word_1_347' title='bbox 1177 3412 1242 3476; x_wconf 91' lang='lat' dir='ltr'><strong>tuis</strong></span> <span class='ocrx_word' id='word_1_348' title='bbox 1273 3418 1306 3477; x_wconf 88' lang='lat' dir='ltr'><strong>et</strong></span> <span class='ocrx_word' id='word_1_349' title='bbox 1334 3412 1483 3476; x_wconf 91' lang='lat' dir='ltr'><strong>iniuriam</strong></span> <span class='ocrx_word' id='word_1_350' title='bbox 1506 3411 1596 3498; x_wconf 91' lang='lat' dir='ltr'><strong>passi</strong></span> <span class='ocrx_word' id='word_1_351' title='bbox 1620 3431 1824 3476; x_wconf 89' lang='lat' dir='ltr'><strong>censeamus.</strong></span> 
     </span>
     <span class='ocr_line' id='line_1_31' title="bbox 121 3513 1875 3602; baseline -0.001 -23"><span class='ocrx_word' id='word_1_352' title='bbox 121 3526 147 3566; x_wconf 84' lang='lat'><strong>³⁰</strong></span> <span class='ocrx_word' id='word_1_353' title='bbox 173 3515 315 3601; x_wconf 90' lang='lat' dir='ltr'><strong>legimus</strong></span> <span class='ocrx_word' id='word_1_354' title='bbox 343 3534 425 3600; x_wconf 89' lang='lat' dir='ltr'><strong>opus</strong></span> <span class='ocrx_word' id='word_1_355' title='bbox 458 3516 723 3600; x_wconf 89' lang='lat' dir='ltr'><strong>operosissimum</strong></span> <span class='ocrx_word' id='word_1_356' title='bbox 754 3517 942 3602; x_wconf 76' lang='lat' dir='ltr'><strong>multiplex,</strong></span> <span class='ocrx_word' id='word_1_357' title='bbox 977 3536 1052 3580; x_wconf 90' lang='lat' dir='ltr'><strong>acre</strong></span> <span class='ocrx_word' id='word_1_358' title='bbox 1081 3515 1236 3595; x_wconf 89' lang='lat' dir='ltr'><strong>sublime,</strong></span> <span class='ocrx_word' id='word_1_359' title='bbox 1271 3514 1433 3600; x_wconf 89' lang='lat' dir='ltr'><strong>digestum</strong></span> <span class='ocrx_word' id='word_1_360' title='bbox 1463 3515 1567 3579; x_wconf 90' lang='lat' dir='ltr'><strong>titulis</strong></span> <span class='ocrx_word' id='word_1_361' title='bbox 1598 3513 1875 3599; x_wconf 81' lang='lat' dir='ltr'><strong>exemplisqucld</strong></span> 
     </span>
     <span class='ocr_line' id='line_1_32' title="bbox 171 3616 1820 3705; baseline -0.002 -21"><span class='ocrx_word' id='word_1_362' title='bbox 171 3625 376 3705; x_wconf 91' lang='lat' dir='ltr'><strong>congestum,</strong></span> <span class='ocrx_word' id='word_1_363' title='bbox 407 3619 597 3705; x_wconf 91' lang='lat' dir='ltr'><strong>bipertitum</strong></span> <span class='ocrx_word' id='word_1_364' title='bbox 628 3619 688 3683; x_wconf 89' lang='lat' dir='ltr'><strong>sub</strong></span> <span class='ocrx_word' id='word_1_365' title='bbox 716 3618 838 3705; x_wconf 89' lang='lat' dir='ltr'><strong>dialogi</strong></span> <span class='ocrx_word' id='word_1_366' title='bbox 867 3620 1049 3694; x_wconf 90' lang='lat' dir='ltr'><strong>schemate,</strong></span> <span class='ocrx_word' id='word_1_367' title='bbox 1079 3618 1139 3682; x_wconf 90' lang='lat' dir='ltr'><strong>sub</strong></span> <span class='ocrx_word' id='word_1_368' title='bbox 1163 3638 1335 3682; x_wconf 90' lang='lat' dir='ltr'><strong>causarum</strong></span> <span class='ocrx_word' id='word_1_369' title='bbox 1363 3618 1508 3683; x_wconf 88' lang='lat' dir='ltr'><strong>themate</strong></span> <span class='ocrx_word' id='word_1_370' title='bbox 1537 3616 1820 3703; x_wconf 89' lang='lat' dir='ltr'><strong>quadripertitum.</strong></span> 
     </span>
     <span class='ocr_line' id='line_1_33' title="bbox 170 3721 1823 3808; baseline -0.001 -23"><span class='ocrx_word' id='word_1_371' title='bbox 170 3721 351 3807; x_wconf 88' lang='lat' dir='ltr'><strong>scripseras</strong></span> <span class='ocrx_word' id='word_1_372' title='bbox 373 3728 482 3787; x_wconf 89' lang='lat' dir='ltr'><strong>autern</strong></span> <span class='ocrx_word' id='word_1_373' title='bbox 507 3723 648 3808; x_wconf 87' lang='lat' dir='ltr'><strong>plurima</strong></span> <span class='ocrx_word' id='word_1_374' title='bbox 674 3722 828 3788; x_wconf 87' lang='lat' dir='ltr'><strong>ardenter</strong></span> <span class='ocrx_word' id='word_1_375' title='bbox 850 3723 943 3808; x_wconf 87' lang='lat' dir='ltr'><strong>plura</strong></span> <span class='ocrx_word' id='word_1_376' title='bbox 966 3743 1137 3808; x_wconf 81' lang='lat' dir='ltr'><strong>pompose:</strong></span> <span class='ocrx_word' id='word_1_377' title='bbox 1162 3722 1356 3808; x_wconf 90' lang='lat' dir='ltr'><strong>simpliciter</strong></span> <span class='ocrx_word' id='word_1_378' title='bbox 1378 3722 1442 3786; x_wconf 90' lang='lat' dir='ltr'><strong>ista</strong></span> <span class='ocrx_word' id='word_1_379' title='bbox 1463 3742 1524 3785; x_wconf 91' lang='lat' dir='ltr'><strong>nec</strong></span> <span class='ocrx_word' id='word_1_380' title='bbox 1547 3721 1683 3796; x_wconf 90' lang='lat' dir='ltr'><strong>rustice;</strong></span> <span class='ocrx_word' id='word_1_381' title='bbox 1705 3726 1823 3804; x_wconf 84' lang='lat' dir='ltr'><strong>argute</strong></span> 
     </span>
     <span class='ocr_line' id='line_1_34' title="bbox 168 3822 1826 3911; baseline 0 -24"><span class='ocrx_word' id='word_1_382' title='bbox 168 3823 225 3888; x_wconf 91' lang='lat' dir='ltr'><strong>illa</strong></span> <span class='ocrx_word' id='word_1_383' title='bbox 260 3844 322 3890; x_wconf 91' lang='lat' dir='ltr'><strong>nec</strong></span> <span class='ocrx_word' id='word_1_384' title='bbox 356 3824 489 3899; x_wconf 89' lang='lat' dir='ltr'><strong>callide;</strong></span> <span class='ocrx_word' id='word_1_385' title='bbox 532 3827 645 3911; x_wconf 91' lang='lat' dir='ltr'><strong>gravia</strong></span> <span class='ocrx_word' id='word_1_386' title='bbox 684 3832 809 3891; x_wconf 89' lang='lat' dir='ltr'><strong>mature</strong></span> <span class='ocrx_word' id='word_1_387' title='bbox 843 3825 1006 3911; x_wconf 83' lang='lat' dir='ltr'><strong>profunda</strong></span> <span class='ocrx_word' id='word_1_388' title='bbox 1041 3825 1195 3904; x_wconf 85' lang='lat' dir='ltr'><strong>sollicite,</strong></span> <span class='ocrx_word' id='word_1_389' title='bbox 1238 3822 1339 3888; x_wconf 92' lang='lat' dir='ltr'><strong>dubia</strong></span> <span class='ocrx_word' id='word_1_390' title='bbox 1372 3830 1560 3890; x_wconf 90' lang='lat' dir='ltr'><strong>constanter</strong></span> <span class='ocrx_word' id='word_1_391' title='bbox 1593 3829 1826 3907; x_wconf 90' lang='lat' dir='ltr'><strong>argumentosa</strong></span> 
     </span>
    </p>
   </div>
   <div class='ocr_carea' id='block_1_3' title="bbox 167 4065 1827 5140">
    <p class='ocr_par' dir='ltr' id='par_1_3' title="bbox 167 4065 1827 5140">
     <span class='ocr_line' id='line_1_35' title="bbox 273 4065 1823 4138; baseline -0.002 -20"><span class='ocrx_word' id='word_1_392' title='bbox 273 4069 287 4118; x_wconf 93' lang='lat'>1</span> <span class='ocrx_word' id='word_1_393' title='bbox 312 4078 506 4138; x_wconf 84' lang='lat' dir='ltr'><strong>contempneres</strong></span> <span class='ocrx_word' id='word_1_394' title='bbox 524 4071 605 4123; x_wconf 69' lang='lat' dir='ltr'><strong>Meu</strong></span> <span class='ocrx_word' id='word_1_395' title='bbox 722 4067 739 4120; x_wconf 99' lang='grc'><strong>2</strong></span> <span class='ocrx_word' id='word_1_396' title='bbox 760 4072 891 4122; x_wconf 85' lang='lat' dir='ltr'><strong>affuerunt</strong></span> <span class='ocrx_word' id='word_1_397' title='bbox 909 4069 1012 4121; x_wconf 68' lang='lat' dir='ltr'><strong>rieul&gt;</strong></span> <span class='ocrx_word' id='word_1_398' title='bbox 1133 4067 1150 4119; x_wconf 89' lang='grc'><strong>3</strong></span> <span class='ocrx_word' id='word_1_399' title='bbox 1173 4070 1325 4121; x_wconf 82' lang='lat' dir='ltr'><strong>sententiam</strong></span> <span class='ocrx_word' id='word_1_400' title='bbox 1344 4068 1433 4132; x_wconf 82' lang='lat' dir='ltr'><strong>MFP,</strong></span> <span class='ocrx_word' id='word_1_401' title='bbox 1456 4066 1593 4119; x_wconf 71' lang='lat' dir='ltr'><strong>lsciantib</strong></span> <span class='ocrx_word' id='word_1_402' title='bbox 1610 4083 1629 4116; x_wconf 91' lang='lat' dir='ltr'><strong>s.</strong></span> <span class='ocrx_word' id='word_1_403' title='bbox 1649 4066 1665 4117; x_wconf 87' lang='lat' dir='ltr'><strong>l.</strong></span> <span class='ocrx_word' id='word_1_404' title='bbox 1685 4065 1748 4117; x_wconf 85' lang='lat' dir='ltr'><strong>cdd.</strong></span> <span class='ocrx_word' id='word_1_405' title='bbox 1766 4065 1823 4131; x_wconf 72' lang='grc' dir='ltr'><strong>Μ’,</strong></span> 
     </span>
     <span class='ocr_line' id='line_1_36' title="bbox 168 4185 1823 4271; baseline -0.002 -29"><span class='ocrx_word' id='word_1_406' title='bbox 168 4190 325 4242; x_wconf 84' lang='lat' dir='ltr'><strong>sentenciam</strong></span> <span class='ocrx_word' id='word_1_407' title='bbox 346 4191 369 4239; x_wconf 74' lang='lat' dir='ltr'><strong>(J</strong></span> <span class='ocrx_word' id='word_1_408' title='bbox 440 4193 545 4271; x_wconf 78' lang='lat' dir='ltr'><strong>suerunt</strong></span> <span class='ocrx_word' id='word_1_409' title='bbox 563 4191 603 4242; x_wconf 90' lang='lat' dir='ltr'><strong>F¹</strong></span> <span class='ocrx_word' id='word_1_410' title='bbox 679 4191 728 4241; x_wconf 88' lang='lat' dir='ltr'><strong>hiis</strong></span> <span class='ocrx_word' id='word_1_411' title='bbox 746 4190 775 4240; x_wconf 99' lang='lat' dir='ltr'><em>F</em></span> <span class='ocrx_word' id='word_1_412' title='bbox 880 4188 1058 4242; x_wconf 85' lang='lat' dir='ltr'><strong>4sdidissetis</strong></span> <span class='ocrx_word' id='word_1_413' title='bbox 1075 4189 1169 4240; x_wconf 81' lang='lat' dir='ltr'><strong>libellis</strong></span> <span class='ocrx_word' id='word_1_414' title='bbox 1188 4190 1286 4256; x_wconf 80' lang='lat' dir='ltr'><strong>scripsi,</strong></span> <span class='ocrx_word' id='word_1_415' title='bbox 1310 4189 1405 4241; x_wconf 85' lang='lat' dir='ltr'><strong>libellis</strong></span> <span class='ocrx_word' id='word_1_416' title='bbox 1423 4188 1567 4241; x_wconf 87' lang='lat' dir='ltr'><strong>edidissetis</strong></span> <span class='ocrx_word' id='word_1_417' title='bbox 1584 4185 1689 4238; x_wconf 79' lang='lat' dir='ltr'><em>MCFP</em></span> <span class='ocrx_word' id='word_1_418' title='bbox 1761 4187 1823 4238; x_wconf 85' lang='lat' dir='ltr'><strong>arni·</strong></span> 
     </span>
     <span class='ocr_line' id='line_1_37' title="bbox 168 4305 1827 4375; baseline -0.002 -13"><span class='ocrx_word' id='word_1_419' title='bbox 168 4312 246 4363; x_wconf 86' lang='lat' dir='ltr'><strong>cicias</strong></span> <span class='ocrx_word' id='word_1_420' title='bbox 266 4310 315 4362; x_wconf 79' lang='lat' dir='ltr'><strong>OF</strong></span> <span class='ocrx_word' id='word_1_421' title='bbox 432 4312 448 4363; x_wconf 94' lang='grc'><strong>6</strong></span> <span class='ocrx_word' id='word_1_422' title='bbox 471 4314 583 4364; x_wconf 85' lang='lat' dir='ltr'><strong>riocatus</strong></span> <span class='ocrx_word' id='word_1_423' title='bbox 602 4312 627 4361; x_wconf 91' lang='lat' dir='ltr'><em>P</em></span> <span class='ocrx_word' id='word_1_424' title='bbox 746 4310 904 4365; x_wconf 82' lang='lat' dir='ltr'><strong>‘lmonacus</strong></span> <span class='ocrx_word' id='word_1_425' title='bbox 923 4311 969 4364; x_wconf 78' lang='lat' dir='ltr'><strong>GP</strong></span> <span class='ocrx_word' id='word_1_426' title='bbox 1052 4311 1105 4362; x_wconf 69' lang='lat' dir='ltr'><strong>mei</strong></span> <span class='ocrx_word' id='word_1_427' title='bbox 1123 4309 1153 4371; x_wconf 84' lang='lat' dir='ltr'><em>F</em></span> <span class='ocrx_word' id='word_1_428' title='bbox 1235 4310 1370 4362; x_wconf 88' lang='lat' dir='ltr'><strong>britanniis</strong></span> <span class='ocrx_word' id='word_1_429' title='bbox 1388 4308 1417 4360; x_wconf 88' lang='lat' dir='ltr'><em>F</em></span> <span class='ocrx_word' id='word_1_430' title='bbox 1533 4305 1551 4359; x_wconf 85' lang='grc'>8</span> <span class='ocrx_word' id='word_1_431' title='bbox 1572 4308 1779 4375; x_wconf 83' lang='lat' dir='ltr'><strong>praesenciamm</strong></span> <span class='ocrx_word' id='word_1_432' title='bbox 1797 4306 1827 4358; x_wconf 90' lang='lat' dir='ltr'><em>F</em></span> 
     </span>
     <span class='ocr_line' id='line_1_38' title="bbox 168 4382 1822 4505; baseline -0.002 -23"><span class='ocrx_word' id='word_1_433' title='bbox 168 4430 185 4482; x_wconf 85' lang='lat'>9</span> <span class='ocrx_word' id='word_1_434' title='bbox 203 4432 245 4483; x_wconf 89' lang='lat' dir='ltr'><strong>hie</strong></span> <span class='ocrx_word' id='word_1_435' title='bbox 263 4432 343 4499; x_wconf 84' lang='lat' dir='ltr'><strong>igitur</strong></span> <span class='ocrx_word' id='word_1_436' title='bbox 363 4432 385 4481; x_wconf 82' lang='lat'><em>0</em></span> <span class='ocrx_word' id='word_1_437' title='bbox 504 4431 537 4482; x_wconf 89' lang='lat'><strong>10</strong></span> <span class='ocrx_word' id='word_1_438' title='bbox 554 4433 673 4498; x_wconf 88' lang='lat' dir='ltr'><strong>gencium</strong></span> <span class='ocrx_word' id='word_1_439' title='bbox 692 4433 721 4484; x_wconf 95' lang='lat' dir='ltr'><em>F</em></span> <span class='ocrx_word' id='word_1_440' title='bbox 803 4382 961 4486; x_wconf 60' lang='lat' dir='ltr'><strong>concitamm</strong></span> <span class='ocrx_word' id='word_1_441' title='bbox 979 4432 1026 4482; x_wconf 71' lang='grc' dir='ltr'><strong>Μ’</strong></span> <span class='ocrx_word' id='word_1_442' title='bbox 1114 4432 1226 4505; x_wconf 70' lang='lat' dir='ltr'><strong>procelle</strong></span> <span class='ocrx_word' id='word_1_443' title='bbox 1245 4431 1397 4483; x_wconf 78' lang='lat' dir='ltr'><strong>entecnius</strong></span> <span class='ocrx_word' id='word_1_444' title='bbox 1414 4447 1470 4496; x_wconf 79' lang='lat' dir='ltr'><strong>esp.</strong></span> <span class='ocrx_word' id='word_1_445' title='bbox 1488 4428 1514 4479; x_wconf 86' lang='lat' dir='ltr'><em>P</em></span> <span class='ocrx_word' id='word_1_446' title='bbox 1520 4429 1528 4459; x_wconf 92' lang='lat'><strong>¹</strong></span> <span class='ocrx_word' id='word_1_447' title='bbox 1652 4426 1684 4479; x_wconf 92' lang='grc'><strong>11</strong></span> <span class='ocrx_word' id='word_1_448' title='bbox 1702 4428 1822 4480; x_wconf 85' lang='lat' dir='ltr'><strong>immanis</strong></span> 
     </span>
     <span class='ocr_line' id='line_1_39' title="bbox 168 4547 1826 4621; baseline -0.001 -19"><span class='ocrx_word' id='word_1_449' title='bbox 168 4551 272 4617; x_wconf 78' lang='lat' dir='ltr'><strong>scripsi,·</strong></span> <span class='ocrx_word' id='word_1_450' title='bbox 300 4552 418 4617; x_wconf 87' lang='lat' dir='ltr'><strong>imaginis</strong></span> <span class='ocrx_word' id='word_1_451' title='bbox 436 4551 520 4615; x_wconf 80' lang='lat' dir='ltr'><strong>MOP,</strong></span> <span class='ocrx_word' id='word_1_452' title='bbox 547 4553 674 4619; x_wconf 88' lang='lat' dir='ltr'><strong>ymaginis</strong></span> <span class='ocrx_word' id='word_1_453' title='bbox 692 4553 721 4603; x_wconf 93' lang='lat' dir='ltr'><em>F</em></span> <span class='ocrx_word' id='word_1_454' title='bbox 850 4552 883 4604; x_wconf 91' lang='grc'><strong>12</strong></span> <span class='ocrx_word' id='word_1_455' title='bbox 906 4555 1094 4621; x_wconf 80' lang='lat' dir='ltr'><strong>praestanciora</strong></span> <span class='ocrx_word' id='word_1_456' title='bbox 1114 4552 1163 4605; x_wconf 79' lang='lat' dir='ltr'><strong>OF</strong></span> <span class='ocrx_word' id='word_1_457' title='bbox 1291 4549 1324 4604; x_wconf 90' lang='lat'><strong>13</strong></span> <span class='ocrx_word' id='word_1_458' title='bbox 1346 4552 1396 4603; x_wconf 90' lang='lat' dir='ltr'><strong>hiis</strong></span> <span class='ocrx_word' id='word_1_459' title='bbox 1415 4551 1444 4602; x_wconf 93' lang='lat' dir='ltr'><em>F</em></span> <span class='ocrx_word' id='word_1_460' title='bbox 1570 4547 1604 4601; x_wconf 82' lang='lat'><strong>14</strong></span> <span class='ocrx_word' id='word_1_461' title='bbox 1626 4549 1757 4616; x_wconf 85' lang='lat' dir='ltr'><strong>quippiam</strong></span> <span class='ocrx_word' id='word_1_462' title='bbox 1777 4548 1826 4600; x_wconf 78' lang='lat' dir='ltr'><strong>OF</strong></span> 
     </span>
     <span class='ocr_line' id='line_1_40' title="bbox 169 4667 1821 4744; baseline -0.001 -21"><span class='ocrx_word' id='word_1_463' title='bbox 169 4674 283 4725; x_wconf 84' lang='lat' dir='ltr'><strong>misticae</strong></span> <span class='ocrx_word' id='word_1_464' title='bbox 297 4673 346 4724; x_wconf 80' lang='lat' dir='ltr'><strong>OF</strong></span> <span class='ocrx_word' id='word_1_465' title='bbox 430 4670 614 4739; x_wconf 69' lang='lat' dir='ltr'><strong>rsponsare</strong></span> <span class='ocrx_word' id='word_1_466' title='bbox 633 4672 937 4739; x_wconf 78' lang='lat' dir='ltr'><strong>corr.issal!¹)d10F</strong></span> <span class='ocrx_word' id='word_1_467' title='bbox 1022 4674 1182 4744; x_wconf 75' lang='lat' dir='ltr'><strong>lepriniani</strong></span> <span class='ocrx_word' id='word_1_468' title='bbox 1199 4674 1286 4742; x_wconf 87' lang='lat' dir='ltr'><strong>spacia</strong></span> <span class='ocrx_word' id='word_1_469' title='bbox 1301 4674 1328 4737; x_wconf 81' lang='lat'><strong>0,</strong></span> <span class='ocrx_word' id='word_1_470' title='bbox 1346 4674 1433 4740; x_wconf 89' lang='lat' dir='ltr'><strong>spacia</strong></span> <span class='ocrx_word' id='word_1_471' title='bbox 1450 4672 1559 4740; x_wconf 87' lang='lat' dir='ltr'><strong>pridiani</strong></span> <span class='ocrx_word' id='word_1_472' title='bbox 1571 4670 1600 4721; x_wconf 90' lang='lat' dir='ltr'><em>F</em></span> <span class='ocrx_word' id='word_1_473' title='bbox 1684 4667 1715 4721; x_wconf 83' lang='lat' dir='ltr'><strong>l&#39;l</strong></span> <span class='ocrx_word' id='word_1_474' title='bbox 1733 4671 1821 4721; x_wconf 84' lang='lat' dir='ltr'><strong>catlru-</strong></span> 
     </span>
     <span class='ocr_line' id='line_1_41' title="bbox 167 4769 1822 4861; baseline -0.001 -18"><span class='ocrx_word' id='word_1_475' title='bbox 167 4792 250 4844; x_wconf 89' lang='lat' dir='ltr'><strong>lorum</strong></span> <span class='ocrx_word' id='word_1_476' title='bbox 262 4792 292 4843; x_wconf 91' lang='lat' dir='ltr'><em>F</em></span> <span class='ocrx_word' id='word_1_477' title='bbox 349 4794 415 4845; x_wconf 91' lang='lat' dir='ltr'><strong>collo</strong></span> <span class='ocrx_word' id='word_1_478' title='bbox 432 4790 507 4860; x_wconf 84' lang='lat' dir='ltr'><strong>(post.</strong></span> <span class='ocrx_word' id='word_1_479' title='bbox 522 4795 577 4845; x_wconf 86' lang='lat' dir='ltr'><strong>oin</strong></span> <span class='ocrx_word' id='word_1_480' title='bbox 588 4812 643 4845; x_wconf 81' lang='lat' dir='ltr'><strong>ras.</strong></span> <span class='ocrx_word' id='word_1_481' title='bbox 655 4795 688 4845; x_wconf 84' lang='lat' dir='ltr'><em>M</em></span> <span class='ocrx_word' id='word_1_482' title='bbox 692 4796 715 4861; x_wconf 87' lang='lat'><strong>¹)</strong></span> <span class='ocrx_word' id='word_1_483' title='bbox 727 4769 809 4847; x_wconf 80' lang='lat' dir='ltr'><strong>MFP</strong></span> <span class='ocrx_word' id='word_1_484' title='bbox 902 4795 934 4848; x_wconf 90' lang='grc'><strong>18</strong></span> <span class='ocrx_word' id='word_1_485' title='bbox 952 4796 1050 4849; x_wconf 87' lang='lat' dir='ltr'><strong>volatili</strong></span> <span class='ocrx_word' id='word_1_486' title='bbox 1065 4796 1204 4848; x_wconf 81' lang='lat' dir='ltr'><strong>Vaticanus</strong></span> <span class='ocrx_word' id='word_1_487' title='bbox 1221 4798 1296 4858; x_wconf 80' lang='lat'><strong>3421,</strong></span> <span class='ocrx_word' id='word_1_488' title='bbox 1313 4794 1417 4846; x_wconf 87' lang='lat' dir='ltr'><strong>volatici</strong></span> <span class='ocrx_word' id='word_1_489' title='bbox 1434 4791 1510 4859; x_wconf 70' lang='lat' dir='ltr'><strong>(ptest.</strong></span> <span class='ocrx_word' id='word_1_490' title='bbox 1523 4793 1531 4843; x_wconf 90' lang='lat' dir='ltr'><strong>i</strong></span> <span class='ocrx_word' id='word_1_491' title='bbox 1544 4809 1611 4842; x_wconf 83' lang='lat' dir='ltr'><strong>corr.</strong></span> <span class='ocrx_word' id='word_1_492' title='bbox 1623 4791 1651 4841; x_wconf 85' lang='lat' dir='ltr'><strong>in</strong></span> <span class='ocrx_word' id='word_1_493' title='bbox 1663 4809 1678 4841; x_wconf 96' lang='lat' dir='ltr'><strong>o</strong></span> <span class='ocrx_word' id='word_1_494' title='bbox 1690 4790 1724 4840; x_wconf 75' lang='lat' dir='ltr'>ss</span> <span class='ocrx_word' id='word_1_495' title='bbox 1727 4790 1749 4855; x_wconf 91' lang='lat'><strong>¹)</strong></span> <span class='ocrx_word' id='word_1_496' title='bbox 1761 4789 1822 4854; x_wconf 79' lang='grc' dir='ltr'><strong>ΜΟ,</strong></span> 
     </span>
     <span class='ocr_line' id='line_1_42' title="bbox 167 4908 1826 4981; baseline -0.001 -19"><span class='ocrx_word' id='word_1_497' title='bbox 167 4913 276 4965; x_wconf 87' lang='lat' dir='ltr'><strong>volatico</strong></span> <span class='ocrx_word' id='word_1_498' title='bbox 295 4912 346 4963; x_wconf 90' lang='lat' dir='ltr'><strong>FP</strong></span> <span class='ocrx_word' id='word_1_499' title='bbox 442 4916 525 4981; x_wconf 86' lang='lat' dir='ltr'><strong>tygris</strong></span> <span class='ocrx_word' id='word_1_500' title='bbox 543 4914 571 4964; x_wconf 88' lang='lat' dir='ltr'><em>F</em></span> <span class='ocrx_word' id='word_1_501' title='bbox 700 4912 735 4965; x_wconf 87' lang='grc'><strong>20</strong></span> <span class='ocrx_word' id='word_1_502' title='bbox 758 4916 880 4968; x_wconf 88' lang='lat' dir='ltr'><strong>celeranti</strong></span> <span class='ocrx_word' id='word_1_503' title='bbox 903 4917 932 4966; x_wconf 82' lang='lat' dir='ltr'><strong>io</strong></span> <span class='ocrx_word' id='word_1_504' title='bbox 954 4916 1073 4967; x_wconf 79' lang='lat' dir='ltr'><strong>ros.d1¹</strong></span> <span class='ocrx_word' id='word_1_505' title='bbox 1208 4912 1242 4965; x_wconf 90' lang='grc'><strong>22</strong></span> <span class='ocrx_word' id='word_1_506' title='bbox 1266 4915 1445 4967; x_wconf 85' lang='lat' dir='ltr'><strong>madueramus</strong></span> <span class='ocrx_word' id='word_1_507' title='bbox 1465 4913 1494 4964; x_wconf 91' lang='lat' dir='ltr'><em>F</em></span> <span class='ocrx_word' id='word_1_508' title='bbox 1619 4908 1653 4962; x_wconf 86' lang='grc'><strong>23</strong></span> <span class='ocrx_word' id='word_1_509' title='bbox 1677 4911 1710 4961; x_wconf 86' lang='lat' dir='ltr'><strong>ab</strong></span> <span class='ocrx_word' id='word_1_510' title='bbox 1734 4927 1781 4961; x_wconf 77' lang='lat' dir='ltr'><strong>orn.</strong></span> <span class='ocrx_word' id='word_1_511' title='bbox 1803 4909 1826 4961; x_wconf 77' lang='grc'><em>0</em></span> 
     </span>
     <span class='ocr_line' id='line_1_43' title="bbox 167 5027 1820 5140; baseline -0.003 -56"><span class='ocrx_word' id='word_1_512' title='bbox 167 5049 314 5140; x_wconf 65' lang='lat' dir='ltr'><strong>sepaparnur</strong></span> <span class='ocrx_word' id='word_1_513' title='bbox 328 5032 351 5083; x_wconf 78' lang='lat' dir='ltr'><em>O</em></span> <span class='ocrx_word' id='word_1_514' title='bbox 441 5031 477 5084; x_wconf 81' lang='grc'><strong>24</strong></span> <span class='ocrx_word' id='word_1_515' title='bbox 495 5035 633 5086; x_wconf 86' lang='lat' dir='ltr'><strong>honustum</strong></span> <span class='ocrx_word' id='word_1_516' title='bbox 653 5034 680 5098; x_wconf 90' lang='lat' dir='ltr'><strong>(h</strong></span> <span class='ocrx_word' id='word_1_517' title='bbox 697 5035 800 5086; x_wconf 74' lang='lat' dir='ltr'><strong>irsduaeit</strong></span> <span class='ocrx_word' id='word_1_518' title='bbox 814 5034 896 5100; x_wconf 78' lang='lat' dir='ltr'><strong>O¹lC</strong></span> <span class='ocrx_word' id='word_1_519' title='bbox 952 5035 1093 5102; x_wconf 86' lang='lat' dir='ltr'><strong>spiritualis</strong></span> <span class='ocrx_word' id='word_1_520' title='bbox 1104 5034 1175 5086; x_wconf 80' lang='lat' dir='ltr'><em>OFI’</em></span> <span class='ocrx_word' id='word_1_521' title='bbox 1267 5031 1302 5084; x_wconf 81' lang='lat'><strong>25</strong></span> <span class='ocrx_word' id='word_1_522' title='bbox 1320 5033 1396 5085; x_wconf 89' lang='lat' dir='ltr'><strong>retuli</strong></span> <span class='ocrx_word' id='word_1_523' title='bbox 1408 5032 1512 5084; x_wconf 78' lang='lat' dir='ltr'><em>MOFP</em></span> <span class='ocrx_word' id='word_1_524' title='bbox 1569 5031 1688 5082; x_wconf 88' lang='lat' dir='ltr'><strong>manibus</strong></span> <span class='ocrx_word' id='word_1_525' title='bbox 1701 5027 1780 5094; x_wconf 79' lang='lat' dir='ltr'><strong>(corr.</strong></span> <span class='ocrx_word' id='word_1_526' title='bbox 1792 5028 1820 5079; x_wconf 84' lang='lat' dir='ltr'><strong>in</strong></span> 
     </span>
    </p>
   </div>
   <div class='ocr_carea' id='block_1_4' title="bbox 168 5148 1824 5222">
    <p class='ocr_par' dir='ltr' id='par_1_4' title="bbox 168 5148 1824 5222">
     <span class='ocr_line' id='line_1_44' title="bbox 168 5148 1824 5222; baseline -0.003 -18"><span class='ocrx_word' id='word_1_527' title='bbox 168 5154 287 5204; x_wconf 89' lang='lat' dir='ltr'><strong>manibiis</strong></span> <span class='ocrx_word' id='word_1_528' title='bbox 305 5152 357 5218; x_wconf 67' lang='lat'><strong>12¹)</strong></span> <span class='ocrx_word' id='word_1_529' title='bbox 379 5153 424 5205; x_wconf 81' lang='grc' dir='ltr'><strong>ΟΡ</strong></span> <span class='ocrx_word' id='word_1_530' title='bbox 559 5153 593 5207; x_wconf 89' lang='grc'><strong>26</strong></span> <span class='ocrx_word' id='word_1_531' title='bbox 617 5157 686 5222; x_wconf 91' lang='lat' dir='ltr'><strong>quod</strong></span> <span class='ocrx_word' id='word_1_532' title='bbox 709 5154 787 5220; x_wconf 76' lang='lat' dir='ltr'><strong>(corr.</strong></span> <span class='ocrx_word' id='word_1_533' title='bbox 807 5156 834 5206; x_wconf 83' lang='lat' dir='ltr'><strong>in</strong></span> <span class='ocrx_word' id='word_1_534' title='bbox 858 5173 909 5222; x_wconf 89' lang='lat' dir='ltr'><strong>quo</strong></span> <span class='ocrx_word' id='word_1_535' title='bbox 927 5155 958 5205; x_wconf 89' lang='lat' dir='ltr'><em>M</em></span> <span class='ocrx_word' id='word_1_536' title='bbox 966 5154 986 5211; x_wconf 88' lang='lat'><strong>¹)</strong></span> <span class='ocrx_word' id='word_1_537' title='bbox 1007 5154 1088 5209; x_wconf 68' lang='lat' dir='ltr'><strong>Meu</strong></span> <span class='ocrx_word' id='word_1_538' title='bbox 1181 5155 1317 5206; x_wconf 88' lang='lat' dir='ltr'><strong>ulcissercr</strong></span> <span class='ocrx_word' id='word_1_539' title='bbox 1335 5153 1364 5204; x_wconf 92' lang='lat' dir='ltr'><em>F</em></span> <span class='ocrx_word' id='word_1_540' title='bbox 1497 5150 1531 5203; x_wconf 75' lang='grc'><strong>27</strong></span> <span class='ocrx_word' id='word_1_541' title='bbox 1555 5152 1700 5218; x_wconf 88' lang='lat' dir='ltr'><strong>intelligens</strong></span> <span class='ocrx_word' id='word_1_542' title='bbox 1718 5148 1824 5200; x_wconf 81' lang='lat' dir='ltr'><em>MOFP</em></span> 
     </span>
    </p>
   </div>
   <div class='ocr_carea' id='block_1_5' title="bbox 166 5268 1820 5379">
    <p class='ocr_par' dir='ltr' id='par_1_5' title="bbox 166 5268 1820 5379">
     <span class='ocr_line' id='line_1_45' title="bbox 166 5268 1820 5379; baseline -0.002 -55"><span class='ocrx_word' id='word_1_543' title='bbox 166 5274 286 5341; x_wconf 84' lang='lat' dir='ltr'><strong>operandi</strong></span> <span class='ocrx_word' id='word_1_544' title='bbox 307 5274 329 5323; x_wconf 81' lang='lat'><em>0</em></span> <span class='ocrx_word' id='word_1_545' title='bbox 462 5272 496 5325; x_wconf 83' lang='grc'><strong>28</strong></span> <span class='ocrx_word' id='word_1_546' title='bbox 518 5292 564 5326; x_wconf 90' lang='lat' dir='ltr'><strong>seu</strong></span> <span class='ocrx_word' id='word_1_547' title='bbox 588 5276 724 5328; x_wconf 89' lang='lat' dir='ltr'><strong>reluctanti</strong></span> <span class='ocrx_word' id='word_1_548' title='bbox 742 5293 762 5327; x_wconf 90' lang='lat' dir='ltr'><strong>s.</strong></span> <span class='ocrx_word' id='word_1_549' title='bbox 781 5277 798 5327; x_wconf 86' lang='lat' dir='ltr'><strong>l.</strong></span> <span class='ocrx_word' id='word_1_550' title='bbox 817 5276 880 5328; x_wconf 84' lang='lat' dir='ltr'><strong>odd.</strong></span> <span class='ocrx_word' id='word_1_551' title='bbox 899 5276 931 5326; x_wconf 89' lang='lat' dir='ltr'><em>M</em></span> <span class='ocrx_word' id='word_1_552' title='bbox 938 5277 945 5308; x_wconf 92' lang='lat'><strong>¹</strong></span> <span class='ocrx_word' id='word_1_553' title='bbox 1049 5278 1191 5328; x_wconf 86' lang='lat' dir='ltr'><strong>reluctandi</strong></span> <span class='ocrx_word' id='word_1_554' title='bbox 1210 5274 1235 5338; x_wconf 90' lang='lat' dir='ltr'><strong>(d</strong></span> <span class='ocrx_word' id='word_1_555' title='bbox 1253 5274 1367 5379; x_wconf 44' lang='lat' dir='ltr'><strong>corr-sin</strong></span> <span class='ocrx_word' id='word_1_556' title='bbox 1384 5281 1395 5326; x_wconf 86' lang='lat' dir='ltr'><strong>t</strong></span> <span class='ocrx_word' id='word_1_557' title='bbox 1415 5272 1462 5337; x_wconf 82' lang='lat'><strong>0¹)</strong></span> <span class='ocrx_word' id='word_1_558' title='bbox 1484 5273 1507 5325; x_wconf 79' lang='grc'><strong><em>0</em></strong></span> <span class='ocrx_word' id='word_1_559' title='bbox 1639 5268 1673 5322; x_wconf 87' lang='grc'><strong>29</strong></span> <span class='ocrx_word' id='word_1_560' title='bbox 1689 5272 1777 5338; x_wconf 87' lang='lat' dir='ltr'><strong>accipe</strong></span> <span class='ocrx_word' id='word_1_561' title='bbox 1794 5270 1820 5335; x_wconf 86' lang='lat' dir='ltr'><strong>(a</strong></span> 
     </span>
    </p>
   </div>
   <div class='ocr_carea' id='block_1_6' title="bbox 166 5392 1820 5586">
    <p class='ocr_par' dir='ltr' id='par_1_6' title="bbox 166 5392 1820 5586">
     <span class='ocr_line' id='line_1_46' title="bbox 166 5392 1820 5467; baseline -0.002 -21"><span class='ocrx_word' id='word_1_562' title='bbox 166 5397 195 5446; x_wconf 86' lang='lat' dir='ltr'><strong>in</strong></span> <span class='ocrx_word' id='word_1_563' title='bbox 212 5413 265 5448; x_wconf 80' lang='lat' dir='ltr'><strong>ros.</strong></span> <span class='ocrx_word' id='word_1_564' title='bbox 279 5396 312 5446; x_wconf 80' lang='lat' dir='ltr'><em>M</em></span> <span class='ocrx_word' id='word_1_565' title='bbox 315 5396 336 5460; x_wconf 90' lang='lat'><strong>¹)</strong></span> <span class='ocrx_word' id='word_1_566' title='bbox 350 5396 384 5446; x_wconf 84' lang='grc' dir='ltr'><em>Μ</em></span> <span class='ocrx_word' id='word_1_567' title='bbox 454 5399 521 5465; x_wconf 88' lang='lat' dir='ltr'><strong>passi</strong></span> <span class='ocrx_word' id='word_1_568' title='bbox 540 5406 566 5449; x_wconf 87' lang='lat' dir='ltr'><strong>et</strong></span> <span class='ocrx_word' id='word_1_569' title='bbox 585 5399 703 5450; x_wconf 90' lang='lat' dir='ltr'><strong>iniuriam</strong></span> <span class='ocrx_word' id='word_1_570' title='bbox 718 5399 741 5447; x_wconf 76' lang='grc'><strong>(1</strong></span> <span class='ocrx_word' id='word_1_571' title='bbox 811 5400 877 5467; x_wconf 89' lang='lat' dir='ltr'><strong>passi</strong></span> <span class='ocrx_word' id='word_1_572' title='bbox 896 5416 917 5450; x_wconf 90' lang='lat' dir='ltr'><strong>s.</strong></span> <span class='ocrx_word' id='word_1_573' title='bbox 936 5401 953 5450; x_wconf 87' lang='lat' dir='ltr'><strong>l.</strong></span> <span class='ocrx_word' id='word_1_574' title='bbox 971 5399 1093 5451; x_wconf 83' lang='lat' dir='ltr'><strong>odd.d1¹</strong></span> <span class='ocrx_word' id='word_1_575' title='bbox 1202 5394 1238 5448; x_wconf 89' lang='lat'><strong>30</strong></span> <span class='ocrx_word' id='word_1_576' title='bbox 1254 5395 1463 5463; x_wconf 77' lang='lat' dir='ltr'><strong>operosissimum</strong></span> <span class='ocrx_word' id='word_1_577' title='bbox 1476 5393 1516 5445; x_wconf 92' lang='lat' dir='ltr'><strong>F¹</strong></span> <span class='ocrx_word' id='word_1_578' title='bbox 1586 5393 1669 5444; x_wconf 87' lang='lat' dir='ltr'><strong>titulis</strong></span> <span class='ocrx_word' id='word_1_579' title='bbox 1686 5392 1820 5459; x_wconf 83' lang='lat' dir='ltr'><strong>exemplis·</strong></span> 
     </span>
     <span class='ocr_line' id='line_1_47' title="bbox 168 5465 1820 5586; baseline -0.005 -17"><span class='ocrx_word' id='word_1_580' title='bbox 168 5534 219 5584; x_wconf 87' lang='lat' dir='ltr'><strong>qua</strong></span> <span class='ocrx_word' id='word_1_581' title='bbox 242 5525 393 5584; x_wconf 86' lang='lat' dir='ltr'><strong>congestum</strong></span> <span class='ocrx_word' id='word_1_582' title='bbox 413 5518 504 5569; x_wconf 72' lang='lat' dir='ltr'><strong>ocaC</strong></span> <span class='ocrx_word' id='word_1_583' title='bbox 621 5516 652 5569; x_wconf 82' lang='lat'><strong>31</strong></span> <span class='ocrx_word' id='word_1_584' title='bbox 677 5465 787 5572; x_wconf 65' lang='lat' dir='ltr'><strong>siemate</strong></span> <span class='ocrx_word' id='word_1_585' title='bbox 805 5520 837 5570; x_wconf 84' lang='lat' dir='ltr'><em>M</em></span> <span class='ocrx_word' id='word_1_586' title='bbox 843 5519 861 5581; x_wconf 92' lang='lat'><strong>¹,</strong></span> <span class='ocrx_word' id='word_1_587' title='bbox 885 5530 994 5572; x_wconf 87' lang='lat' dir='ltr'><strong>scemate</strong></span> <span class='ocrx_word' id='word_1_588' title='bbox 1012 5520 1041 5572; x_wconf 89' lang='lat' dir='ltr'><em>F</em></span> <span class='ocrx_word' id='word_1_589' title='bbox 1159 5515 1192 5571; x_wconf 88' lang='grc'><strong>32</strong></span> <span class='ocrx_word' id='word_1_590' title='bbox 1214 5518 1290 5586; x_wconf 89' lang='lat' dir='ltr'><strong>plura</strong></span> <span class='ocrx_word' id='word_1_591' title='bbox 1306 5514 1400 5567; x_wconf 87' lang='lat' dir='ltr'><strong>onr.1&#39;</strong></span> <span class='ocrx_word' id='word_1_592' title='bbox 1482 5514 1577 5566; x_wconf 88' lang='lat' dir='ltr'><strong>rustice</strong></span> <span class='ocrx_word' id='word_1_593' title='bbox 1594 5521 1622 5563; x_wconf 87' lang='lat' dir='ltr'><strong>ut</strong></span> <span class='ocrx_word' id='word_1_594' title='bbox 1638 5530 1661 5563; x_wconf 79' lang='lat' dir='ltr'><strong>c.</strong></span> <span class='ocrx_word' id='word_1_595' title='bbox 1680 5529 1745 5563; x_wconf 78' lang='lat' dir='ltr'><strong>eres.</strong></span> <span class='ocrx_word' id='word_1_596' title='bbox 1765 5511 1797 5561; x_wconf 82' lang='grc' dir='ltr'><em>Μ</em></span> <span class='ocrx_word' id='word_1_597' title='bbox 1802 5512 1820 5577; x_wconf 85' lang='lat'><strong>¹,</strong></span> 
     </span>
    </p>
   </div>
   <div class='ocr_carea' id='block_1_7' title="bbox 165 5637 746 5709">
    <p class='ocr_par' dir='ltr' id='par_1_7' title="bbox 165 5637 746 5709">
     <span class='ocr_line' id='line_1_48' title="bbox 165 5637 746 5709; baseline 0.003 -18"><span class='ocrx_word' id='word_1_598' title='bbox 165 5655 213 5691; x_wconf 83' lang='lat' dir='ltr'><strong>em.</strong></span> <span class='ocrx_word' id='word_1_599' title='bbox 234 5637 306 5691; x_wconf 76' lang='lat' dir='ltr'><strong>CFP</strong></span> <span class='ocrx_word' id='word_1_600' title='bbox 372 5642 467 5709; x_wconf 76' lang='lat' dir='ltr'><strong>argui-it</strong></span> <span class='ocrx_word' id='word_1_601' title='bbox 487 5656 534 5692; x_wconf 89' lang='lat' dir='ltr'><strong>noc</strong></span> <span class='ocrx_word' id='word_1_602' title='bbox 552 5641 596 5692; x_wconf 83' lang='lat' dir='ltr'><strong>illa</strong></span> <span class='ocrx_word' id='word_1_603' title='bbox 613 5641 704 5693; x_wconf 87' lang='lat' dir='ltr'><strong>callide</strong></span> <span class='ocrx_word' id='word_1_604' title='bbox 724 5642 746 5693; x_wconf 80' lang='lat' dir='ltr'><em>O</em></span> 
     </span>
    </p>
   </div>
   <div class='ocr_carea' id='block_1_8' title="bbox 0 0 2236 6216">
    <p class='ocr_par' dir='ltr' id='par_1_8' title="bbox 0 0 2236 6216">
     <span class='ocr_line' id='line_1_49' title="bbox 0 0 2236 6216; baseline 0 1"><span class='ocrx_word' id='word_1_605' title='bbox 0 0 2236 6216; x_wconf 95' lang='lat' dir='ltr'><strong> </strong></span> 
     </span>
    </p>
   </div>
  </div>
 </body>
</html>
