4462 6216
840 349 1133 406 vv.a·r-v.165.

527 524 574 587 sic
599 524 704 610 pretio
728 545 792 588 non
816 531 913 609 capta
935 522 1024 588 fides.
1070 531 1140 589 erat
1161 524 1216 589 ille
1239 524 1325 611 quod
1348 526 1425 591 olim

529 635 685 714 quaestor
708 628 915 693 consulibus:
939 627 1104 693 tractabat
1126 629 1260 714 publica
1281 630 1351 694 iure

528 753 606 797 aera
629 752 704 806 suo;
729 738 918 817 tantumque
941 731 1073 796 modurn
1098 732 1261 811 servabat,
1284 734 1435 798 utillum

472 853 496 889 ·-··'›
530 844 678 901 narraret
700 857 811 900 rumor
834 836 896 900 iam
922 836 1021 901 rebus
1044 856 1180 922 parcere
1203 837 1281 902 nati.

578 940 732 1005 Senserat
755 939 817 1004 hoe
841 939 899 1004 sed
921 940 1005 1004 forte
1028 939 1120 1004 ducis
1143 939 1208 1004 iam
1231 939 1332 1005 livida
1355 940 1496 1005 coniunx

530 1045 644 1131 augeri
668 1044 788 1109 lamam
812 1045 917 1130 pueri,
940 1044 1128 1128 suffusaque
1153 1043 1209 1108 bili

528 1155 663 1214 coxerat
686 1148 851 1213 internum
875 1169 935 1234 per
958 1148 1099 1212 barbara
1122 1146 1222 1211 eorda
1244 1168 1416 1212 venenum.

528 1253 617 1316 ilicet
639 1251 792 1336 explorat
815 1252 942 1317 caelum
965 1258 1134 1336 totamque
1158 1252 1278 1315 volutis

528 1356 689 1442 percurrit
711 1354 886 1420 mathesim
908 1356 1064 1431 numeris,
1087 1355 1270 1439 interrogat
1293 1354 1435 1431 umbras,

528 1459 665 1523 fulmina
687 1459 833 1535 rimatur,
857 1458 955 1522 libras
979 1457 1077 1537 videt,
1102 1457 1245 1543 undique
1268 1456 1417 1541 gaudens

529 1569 691 1628 secretum
716 1564 862 1648 rapuisse
886 1562 959 1628 deo.
1006 1563 1054 1626 sic
1076 1568 1170 1627 torva
1192 1561 1370 1645 Pelasgum

530 1665 663 1731 Colchis
687 1667 719 1730 in
743 1667 880 1752 aplustri
904 1673 1042 1731 steterat
1063 1665 1248 1750 trepidante
1272 1664 1388 1728 marito

530 1770 708 1854 Absyrtum
732 1790 885 1855 sparsura
907 1770 991 1854 patri
1013 1769 1202 1854 facturaque
1226 1769 1314 1834 caesi

487 1910 492 1923 ι
531 1874 679 1959 germani
703 1874 777 1958 plus
799 1880 905 1938 morte
928 1873 1034 1949 nefas,
1058 1872 1134 1936 dum
1158 1872 1273 1937 funere
1296 1878 1421 1956 pugnat

530 1986 564 2043 et
586 1978 720 2042 fratrem
744 1976 807 2042 sihi
831 1977 898 2041 tela
920 1977 1014 2041 facit:
1039 1977 1091 2042 rel
1115 1998 1188 2041 cum
1213 1976 1320 2041 obruit
1342 1977 1452 2060 ignem

531 2088 696 2145 taurorum
720 2080 794 2165 plus
817 2080 888 2165 ipsa
910 2081 1021 2144 calens
1044 2081 1193 2164 texitque
1216 2086 1411 2145 trementem

528 2183 648 2268 frigida
669 2183 800 2246 flamma
823 2183 936 2258 virum,
960 2203 1055 2268 quem
1079 2182 1276 2248 defendente
1300 2202 1424 2247 veneno

532 2289 617 2351 inter
639 2287 817 2370 flagrantes
839 2285 1016 2371 perhibent
1039 2286 1158 2351 alsisse
1182 2286 1349 2352 iuvencos.

531 2411 610 2475 ergo
634 2389 732 2454 animi
754 2387 876 2453 dudum
899 2390 1085 2476 impatiens,
1109 2396 1281 2475 postquam
1304 2388 1409 2453 audiit
1429 2389 1483 2453 isti

530 2493 702 2579 imperium
726 2499 759 2557 et
782 2493 915 2577 longum
939 2494 1048 2569 statui,
1073 2493 1197 2558 laniata
1219 2493 1360 2557 lacertos

530 2596 712 2683 ingreditur
734 2616 799 2681 qua
820 2602 922 2661 strata
945 2597 1005 2661 viri
1028 2616 1207 2682 vocemque
1229 2595 1391 2661 furentem

530 2701 579 2765 his
602 2699 739 2786 rumpit:
763 2702 888 2765 ‘secure
913 2700 1011 2779 iaces,
1035 2700 1137 2764 oblite
1160 2704 1301 2777 tuorum,

529 2825 548 2868 o
571 2804 680 2889 piger:
705 2810 738 2867 et
761 2801 881 2866 mundo
905 2802 1058 2889 princeps
1082 2802 1145 2887 (sic
1169 2801 1303 2866 saecula
1325 2800 1478 2886 poscuntl

491 2925 501 2957 ³·
535 2907 734 2973 Maiorianus
757 2907 834 2980 arit;
859 2907 1002 2970 clament
1025 2906 1087 2970 hoc
1111 2905 1219 2970 sidera
1240 2904 1352 2990 signis,

531 3011 592 3075 hoc
616 3010 763 3074 homines
787 3010 881 3075 votis.
927 3009 981 3073 isti
1005 3009 1082 3094 quid
1105 3008 1215 3073 sidera
1238 3027 1371 3093 quaero,

531 3115 635 3178 latum
658 3113 747 3178 aliud
770 3113 822 3176 cui
844 3112 924 3177 lecit
945 3118 1054 3177 amor'l
1087 3112 1134 3175 nil
1157 3111 1271 3193 fortius
1293 3111 1361 3189 illo,
1407 3168 1410 3173 .

531 3227 565 3281 et
587 3236 669 3302 puer
691 3222 742 3280 est
765 3214 904 3301 cupidus
927 3235 1103 3299 numquam
1126 3214 1184 3278 sed
1208 3234 1326 3300 pareus
1349 3211 1502 3289 habendi,

530 3340 655 3405 pauper
678 3317 783 3382 adhuc
807 3318 871 3382 iam
895 3318 1019 3402 spargit
1041 3338 1132 3402 opes,
1155 3317 1301 3401 ingentia
1324 3315 1441 3380 suadet

474 3438 490 3471 ³·
533 3423 668 3487 consilia
692 3428 726 3486 et
748 3421 904 3506 sequitur,
927 3427 1031 3485 totum
1055 3419 1141 3506 quod
1165 3421 1286 3505 cogitat
1309 3420 1411 3484 altum
1435 3427 1493 3483 est.

530 3533 625 3611 urget
648 3523 734 3610 quod
759 3531 880 3610 sperat.
926 3522 1038 3587 ludum
1062 3523 1090 3587 si
1112 3522 1197 3587 forte
1221 3527 1379 3592 retexam,

532 3629 735 3715 consumpsit
758 3626 910 3713 quicquid
933 3627 1049 3691 iaculis
1071 3627 1192 3691 fecisse
1215 3627 1340 3711 putaris

532 3734 627 3798 istius
649 3752 716 3796 una
738 3731 823 3796 dies:
848 3730 954 3794 tribus
976 3729 1061 3794 hunc
1085 3737 1249 3795 tremuere
1272 3729 1401 3815 sagittis

530 3838 656 3921 anguis,
681 3856 807 3914 cervus,
831 3855 920 3919 aper.
967 3854 1030 3898 non
1054 3835 1100 3898 sie
1123 3833 1256 3898 libravit
1279 3833 1312 3898 iu
1335 3832 1464 3898 hostem

476 3956 499 3991 :s
534 3939 662 4024 spicula
684 3937 739 4022 qui
763 3944 838 4001 nato
862 3936 1024 4022 serpentis
1048 3956 1184 4021 corpore
1208 3936 1314 4000 cincto

532 4043 605 4128 plus
632 4041 749 4115 timuit,
773 4060 847 4104 cum
872 4038 1042 4118 succurrit,
1066 4037 1142 4102 dum
1165 4037 1307 4102 iactibus
1330 4036 1432 4102 isdem

534 4145 700 4209 interitum
725 4144 889 4228 vitamque
914 4141 1008 4207 daret
1031 4142 1248 4228 stabilemque
1271 4149 1399 4208 teneret

532 4247 629 4312 eorde
653 4253 815 4312 tremente
840 4267 982 4321 manum,
1007 4253 1174 4331 totamque
1198 4247 1305 4312 exiret
1327 4247 1360 4311 in
1383 4254 1487 4311 artem

533 4374 591 4437 spe
614 4351 768 4437 propiore
791 4358 910 4427 metus,
934 4349 1016 4415 dans
1039 4351 1124 4415 inter
1147 4350 1293 4416 membra
1315 4350 1452 4416 duorum

462 4471 499 4507 160
530 4456 626 4518 unius
650 4462 798 4519 mortem.
842 4453 945 4518 libeat
968 4453 1147 4519 decernere
1171 4461 1301 4519 caestu:

535 4557 636 4622 cessit
658 4556 749 4642 Eryx
773 4556 914 4636 Siculus,
938 4557 1035 4620 simili
1057 4578 1118 4621 nec
1142 4557 1250 4621 floruit
1272 4564 1342 4622 arte

532 4662 661 4747 Sparta,
685 4660 902 4745 Therapnaea
924 4660 1070 4745 pugilem
1093 4681 1166 4724 cum
1189 4660 1353 4746 gymnade
1376 4662 1530 4747 pinguem

531 4770 650 4829 stratus
672 4762 843 4847 Bebryciis
866 4763 1012 4848 Amycus
1037 4765 1186 4849 suspexit
1210 4764 1353 4830 harenis.

531 4871 584 4955 qui
607 4869 700 4953 vigor
723 4870 755 4932 in
778 4867 930 4954 pedibus!
967 4869 1088 4933 frustra
1112 4869 1175 4934 sibi
1199 4874 1296 4934 natus
1319 4869 1429 4935 Ofelte

463 4989 498 5026 1⁶³·
531 4971 693 5037 Sicaniam
718 4970 832 5034 tribuit
855 4970 1007 5055 palmam,
1030 4971 1227 5057 plantasque
1251 4970 1410 5057 superbas

170 5099 304 5108 ——

273 5164 321 5216 123
340 5165 533 5216 rensuum
619 5161 668 5212 124
687 5180 745 5214 uere
758 5161 809 5212 ΕΡ
898 5160 948 5212 125
964 5164 1035 5229 gnati
1049 5163 1079 5212 M
1168 5160 1217 5213 126
1230 5160 1289 5229 hoc]
1302 5163 1342 5214 his
1354 5162 1386 5213 M
1473 5162 1521 5215 127
1533 5166 1625 5232 auguri
1638 5164 1676 5229 ul,
1694 5168 1782 5233 augeri
1794 5166 1823 5218 F

166 5252 227 5301 bibli
249 5253 271 5302 0
391 5250 439 5302 l2!l
462 5260 540 5302 terrun
559 5250 587 5302 F
707 5246 757 5299 130
780 5248 903 5299 rnutlrssiu
924 5248 947 5299 0
1067 5247 1155 5302 1:130.
1176 5251 1191 5300 i.
1210 5270 1232 5301 u.
1256 5246 1313 5314 ΤΡ]
1335 5250 1432 5301 colchis
1455 5251 1480 5300 in
1502 5251 1626 5316 aplaustri
1645 5249 1697 5313 ΟΡ,
1718 5252 1818 5303 eolchiu

165 5338 272 5404 aplustri
286 5337 317 5386 J!
383 5338 505 5403 magistre
518 5337 567 5386 Μ’
672 5333 720 5385 134
738 5333 888 5399 ulrsyrthum
903 5336 926 5385 U
992 5338 1154 5400 t'ructuruque
1167 5336 1223 5388 MC
1324 5334 1374 5387 138
1392 5335 1517 5402 rigidall!
1620 5333 1670 5386 133
1687 5335 1818 5402 iuvencos]

164 5439 277 5474 veneuos
290 5423 319 5474 F
421 5421 470 5474 142
487 5432 599 5488 expectes
617 5423 682 5488 ingr.
701 5429 783 5472 caetra
801 5419 1024 5487 issaffllummrcn)
1131 5419 1180 5472 143
1198 5423 1293 5488 rumpit
1310 5421 1499 5488 scrr'pm':rupit
1516 5422 1590 5473 cedd.
1692 5420 1743 5473 152
1759 5440 1818 5475 corr·

165 5509 244 5561 sumit
265 5509 360 5560 TOFP
496 5506 546 5559 154
568 5526 638 5560 nuuc
656 5507 681 5557 P
777 5508 850 5557 alcon
873 5524 929 5573 sup.
952 5507 1056 5559 libravit
1075 5506 1113 5559 6¹¹³
1249 5504 1298 5559 155
1321 5506 1416 5574 stipula
1434 5505 1463 5556 F
1594 5506 1824 5560 instruerent·

164 5594 344 5646 iacerrtihusP
436 5593 486 5645 159
503 5597 633 5661 propriore
650 5594 694 5646 ΊὉ
749 5601 833 5645 ructus
845 5593 874 5645 F
966 5590 1017 5645 160
1033 5594 1221 5646 disoemaredl
1317 5590 1367 5645 162
1384 5593 1487 5661 sparths
1498 5593 1573 5646 cedd.
1631 5595 1758 5664 harapucc
1769 5594 1819 5647 M·

166 5678 216 5733 163
234 5682 335 5734 herenis
354 5681 384 5731 ll
489 5679 538 5732 164
556 5681 631 5734 osella
650 5681 691 5731 1¹²
797 5678 847 5731 165
866 5681 948 5749 paluru
967 5679 1000 5730 Μ
