<?xml version="1.0" encoding="UTF-8"?>
<!DOCTYPE html PUBLIC "-//W3C//DTD XHTML 1.0 Transitional//EN"
    "http://www.w3.org/TR/xhtml1/DTD/xhtml1-transitional.dtd">
<html xmlns="http://www.w3.org/1999/xhtml" xml:lang="en" lang="en">
 <head>
  <title>
</title>
<meta http-equiv="Content-Type" content="text/html;charset=utf-8" />
  <meta name='ocr-system' content='tesseract 3.04.00' />
  <meta name='ocr-capabilities' content='ocr_page ocr_carea ocr_par ocr_line ocrx_word'/>
</head>
<body>
  <div class='ocr_page' id='page_1' title='image "./gaisoliiapollin00ltgoog_0197.png"; bbox 0 0 4462 6216; ppageno 0'>
   <div class='ocr_carea' id='block_1_1' title="bbox 338 360 1365 433">
    <p class='ocr_par' dir='ltr' id='par_1_1' title="bbox 338 360 1365 433">
     <span class='ocr_line' id='line_1_1' title="bbox 338 360 1365 433; baseline 0 -17"><span class='ocrx_word' id='word_1_1' title='bbox 338 370 399 433; x_wconf 81' lang='lat' dir='ltr'><strong>tra</strong></span> <span class='ocrx_word' id='word_1_2' title='bbox 950 362 1088 419; x_wconf 87' lang='lat' dir='ltr'><strong>smonu</strong></span> <span class='ocrx_word' id='word_1_3' title='bbox 1106 360 1365 417; x_wconf 74' lang='lat' dir='ltr'><strong>murmanus</strong></span> 
     </span>
    </p>
   </div>
   <div class='ocr_carea' id='block_1_2' title="bbox 240 535 2040 2694">
    <p class='ocr_par' dir='ltr' id='par_1_2' title="bbox 240 535 2040 2694">
     <span class='ocr_line' id='line_1_2' title="bbox 335 535 1987 624; baseline -0.002 -19"><span class='ocrx_word' id='word_1_4' title='bbox 335 559 481 605; x_wconf 88' lang='lat' dir='ltr'><strong>mearum</strong></span> <span class='ocrx_word' id='word_1_5' title='bbox 511 538 605 624; x_wconf 90' lang='lat' dir='ltr'><strong>quasi</strong></span> <span class='ocrx_word' id='word_1_6' title='bbox 635 538 815 624; x_wconf 90' lang='lat' dir='ltr'><strong>cuiuspiam</strong></span> <span class='ocrx_word' id='word_1_7' title='bbox 844 537 934 602; x_wconf 85' lang='lat' dir='ltr'><strong>fluvii</strong></span> <span class='ocrx_word' id='word_1_8' title='bbox 962 535 1113 623; x_wconf 88' lang='lat' dir='ltr'><strong>placidus</strong></span> <span class='ocrx_word' id='word_1_9' title='bbox 1144 557 1258 601; x_wconf 87' lang='lat' dir='ltr'><strong>cursus</strong></span> <span class='ocrx_word' id='word_1_10' title='bbox 1290 544 1388 623; x_wconf 92' lang='lat' dir='ltr'><strong>atque</strong></span> <span class='ocrx_word' id='word_1_11' title='bbox 1419 535 1614 615; x_wconf 84' lang='lat' dir='ltr'><strong>inoffensus,</strong></span> <span class='ocrx_word' id='word_1_12' title='bbox 1650 535 1678 598; x_wconf 92' lang='lat' dir='ltr'><strong>si</strong></span> <span class='ocrx_word' id='word_1_13' title='bbox 1708 555 1727 600; x_wconf 95' lang='lat' dir='ltr'><strong>e</strong></span> <span class='ocrx_word' id='word_1_14' title='bbox 1756 540 1899 601; x_wconf 87' lang='lat' dir='ltr'><strong>tractatu</strong></span> <span class='ocrx_word' id='word_1_15' title='bbox 1928 539 1987 601; x_wconf 92' lang='lat' dir='ltr'><strong>tuo</strong></span> 
     </span>
     <span class='ocr_line' id='line_1_3' title="bbox 335 639 1985 725; baseline -0.002 -18"><span class='ocrx_word' id='word_1_16' title='bbox 335 643 438 707; x_wconf 88' lang='lat' dir='ltr'><strong>veluti</strong></span> <span class='ocrx_word' id='word_1_17' title='bbox 465 663 508 706; x_wconf 88' lang='lat' dir='ltr'><strong>ex</strong></span> <span class='ocrx_word' id='word_1_18' title='bbox 531 641 747 708; x_wconf 89' lang='lat' dir='ltr'><strong>saluberrimo</strong></span> <span class='ocrx_word' id='word_1_19' title='bbox 771 641 862 706; x_wconf 82' lang='lat' dir='ltr'><strong>fonte</strong></span> <span class='ocrx_word' id='word_1_20' title='bbox 886 646 1046 706; x_wconf 78' lang='lat' dir='ltr'><strong>manaret.</strong></span> <span class='ocrx_word' id='word_1_21' title='bbox 1090 641 1204 725; x_wconf 92' lang='lat' dir='ltr'><strong>procul</strong></span> <span class='ocrx_word' id='word_1_22' title='bbox 1228 639 1327 705; x_wconf 93' lang='lat' dir='ltr'><strong>dubio</strong></span> <span class='ocrx_word' id='word_1_23' title='bbox 1350 646 1428 703; x_wconf 89' lang='lat' dir='ltr'><strong>tunc</strong></span> <span class='ocrx_word' id='word_1_24' title='bbox 1451 639 1508 703; x_wconf 90' lang='lat' dir='ltr'><strong>illc</strong></span> <span class='ocrx_word' id='word_1_25' title='bbox 1532 658 1596 702; x_wconf 93' lang='lat' dir='ltr'><strong>non</strong></span> <span class='ocrx_word' id='word_1_26' title='bbox 1619 642 1710 701; x_wconf 87' lang='lat' dir='ltr'><strong>essct</strong></span> <span class='ocrx_word' id='word_1_27' title='bbox 1733 643 1790 702; x_wconf 88' lang='lat' dir='ltr'><strong>aut</strong></span> <span class='ocrx_word' id='word_1_28' title='bbox 1813 659 1985 724; x_wconf 91' lang='lat' dir='ltr'><strong>spumosus</strong></span> 
     </span>
     <span class='ocr_line' id='line_1_4' title="bbox 335 740 1985 833; baseline -0.002 -22"><span class='ocrx_word' id='word_1_29' title='bbox 335 767 395 833; x_wconf 91' lang='lat' dir='ltr'><strong>per</strong></span> <span class='ocrx_word' id='word_1_30' title='bbox 417 745 607 811; x_wconf 88' lang='lat' dir='ltr'><strong>iactantiam</strong></span> <span class='ocrx_word' id='word_1_31' title='bbox 631 750 687 833; x_wconf 87' lang='lat' dir='ltr'><strong>aut</strong></span> <span class='ocrx_word' id='word_1_32' title='bbox 709 744 860 809; x_wconf 87' lang='lat' dir='ltr'><strong>turbidus</strong></span> <span class='ocrx_word' id='word_1_33' title='bbox 882 766 941 831; x_wconf 93' lang='lat' dir='ltr'><strong>per</strong></span> <span class='ocrx_word' id='word_1_34' title='bbox 965 743 1153 830; x_wconf 83' lang='lat' dir='ltr'><strong>superbiam</strong></span> <span class='ocrx_word' id='word_1_35' title='bbox 1175 749 1233 809; x_wconf 93' lang='lat' dir='ltr'><strong>aut</strong></span> <span class='ocrx_word' id='word_1_36' title='bbox 1250 764 1409 809; x_wconf 86' lang='lat' dir='ltr'><strong>caenosus</strong></span> <span class='ocrx_word' id='word_1_37' title='bbox 1425 763 1485 829; x_wconf 91' lang='lat' dir='ltr'><strong>per</strong></span> <span class='ocrx_word' id='word_1_38' title='bbox 1501 740 1735 807; x_wconf 79' lang='lat' dir='ltr'><strong>conscientiam</strong></span> <span class='ocrx_word' id='word_1_39' title='bbox 1750 748 1808 806; x_wconf 89' lang='lat' dir='ltr'><strong>aut</strong></span> <span class='ocrx_word' id='word_1_40' title='bbox 1824 764 1985 830; x_wconf 88' lang='lat' dir='ltr'><strong>praeceps</strong></span> 
     </span>
     <span class='ocr_line' id='line_1_5' title="bbox 334 844 1987 937; baseline -0.003 -22"><span class='ocrx_word' id='word_1_41' title='bbox 334 870 395 937; x_wconf 91' lang='lat' dir='ltr'><strong>per</strong></span> <span class='ocrx_word' id='word_1_42' title='bbox 421 850 635 914; x_wconf 84' lang='lat' dir='ltr'><strong>iuventutem.</strong></span> <span class='ocrx_word' id='word_1_43' title='bbox 681 849 759 933; x_wconf 89' lang='lat' dir='ltr'><strong>quin</strong></span> <span class='ocrx_word' id='word_1_44' title='bbox 785 849 895 934; x_wconf 92' lang='lat' dir='ltr'><strong>potius</strong></span> <span class='ocrx_word' id='word_1_45' title='bbox 923 849 956 913; x_wconf 92' lang='lat' dir='ltr'><strong>in</strong></span> <span class='ocrx_word' id='word_1_46' title='bbox 983 848 1040 913; x_wconf 91' lang='lat' dir='ltr'><strong>illo</strong></span> <span class='ocrx_word' id='word_1_47' title='bbox 1069 847 1254 933; x_wconf 89' lang='lat' dir='ltr'><strong>squalidum</strong></span> <span class='ocrx_word' id='word_1_48' title='bbox 1284 846 1413 934; x_wconf 91' lang='lat' dir='ltr'><strong>siquid</strong></span> <span class='ocrx_word' id='word_1_49' title='bbox 1442 866 1480 911; x_wconf 90' lang='lat' dir='ltr'><strong>ao</strong></span> <span class='ocrx_word' id='word_1_50' title='bbox 1504 851 1599 932; x_wconf 91' lang='lat' dir='ltr'><strong>putre</strong></span> <span class='ocrx_word' id='word_1_51' title='bbox 1629 844 1794 926; x_wconf 78' lang='lat' dir='ltr'><strong>sorderet,</strong></span> <span class='ocrx_word' id='word_1_52' title='bbox 1825 850 1930 910; x_wconf 91' lang='lat' dir='ltr'><strong>totum</strong></span> <span class='ocrx_word' id='word_1_53' title='bbox 1953 844 1987 910; x_wconf 94' lang='lat' dir='ltr'><strong>id</strong></span> 
     </span>
     <span class='ocr_line' id='line_1_6' title="bbox 284 948 2038 1037; baseline -0.001 -21"><span class='ocrx_word' id='word_1_54' title='bbox 284 956 303 1016; x_wconf 82' lang='lat'><strong>2</strong></span> <span class='ocrx_word' id='word_1_55' title='bbox 334 953 483 1018; x_wconf 84' lang='lat' dir='ltr'><strong>admixta</strong></span> <span class='ocrx_word' id='word_1_56' title='bbox 505 951 631 1018; x_wconf 90' lang='lat' dir='ltr'><strong>consilii</strong></span> <span class='ocrx_word' id='word_1_57' title='bbox 655 951 703 1015; x_wconf 93' lang='lat' dir='ltr'><strong>tui</strong></span> <span class='ocrx_word' id='word_1_58' title='bbox 726 972 811 1016; x_wconf 85' lang='lat' dir='ltr'><strong>vena</strong></span> <span class='ocrx_word' id='word_1_59' title='bbox 833 951 983 1017; x_wconf 83' lang='lat' dir='ltr'><strong>dilueret.</strong></span> <span class='ocrx_word' id='word_1_60' title='bbox 1030 950 1088 1016; x_wconf 89' lang='lat' dir='ltr'><strong>sed</strong></span> <span class='ocrx_word' id='word_1_61' title='bbox 1112 952 1265 1037; x_wconf 92' lang='lat' dir='ltr'><strong>quoniam</strong></span> <span class='ocrx_word' id='word_1_62' title='bbox 1288 948 1515 1015; x_wconf 89' lang='lat' dir='ltr'><strong>huiuscemodi</strong></span> <span class='ocrx_word' id='word_1_63' title='bbox 1540 948 1624 1014; x_wconf 87' lang='lat' dir='ltr'><strong>votis</strong></span> <span class='ocrx_word' id='word_1_64' title='bbox 1647 949 1755 1035; x_wconf 90' lang='lat' dir='ltr'><strong>spatia</strong></span> <span class='ocrx_word' id='word_1_65' title='bbox 1783 955 1860 1014; x_wconf 90' lang='lat' dir='ltr'><strong>sunt</strong></span> <span class='ocrx_word' id='word_1_66' title='bbox 1886 950 1987 1035; x_wconf 89' lang='lat' dir='ltr'><strong>longa</strong></span> <span class='ocrx_word' id='word_1_67' title='bbox 2026 965 2038 1002; x_wconf 77' lang='lat'>⁵</span> 
     </span>
     <span class='ocr_line' id='line_1_7' title="bbox 336 1052 1986 1143; baseline -0.002 -22"><span class='ocrx_word' id='word_1_68' title='bbox 336 1056 532 1143; x_wconf 90' lang='lat' dir='ltr'><strong>interposita</strong></span> <span class='ocrx_word' id='word_1_69' title='bbox 550 1053 832 1141; x_wconf 87' lang='lat' dir='ltr'><strong>praepedimento,</strong></span> <span class='ocrx_word' id='word_1_70' title='bbox 856 1055 970 1121; x_wconf 91' lang='lat' dir='ltr'><strong>scdulo</strong></span> <span class='ocrx_word' id='word_1_71' title='bbox 986 1075 1110 1141; x_wconf 90' lang='lat' dir='ltr'><strong>precor,</strong></span> <span class='ocrx_word' id='word_1_72' title='bbox 1133 1060 1169 1120; x_wconf 92' lang='lat' dir='ltr'><strong>ut</strong></span> <span class='ocrx_word' id='word_1_73' title='bbox 1185 1055 1414 1120; x_wconf 79' lang='lat' dir='ltr'><strong>consulentem</strong></span> <span class='ocrx_word' id='word_1_74' title='bbox 1430 1053 1471 1118; x_wconf 89' lang='lat' dir='ltr'><strong>dc</strong></span> <span class='ocrx_word' id='word_1_75' title='bbox 1488 1053 1641 1138; x_wconf 88' lang='lat' dir='ltr'><strong>scrupulo</strong></span> <span class='ocrx_word' id='word_1_76' title='bbox 1657 1052 1806 1117; x_wconf 90' lang='lat' dir='ltr'><strong>incursae</strong></span> <span class='ocrx_word' id='word_1_77' title='bbox 1822 1052 1986 1139; x_wconf 89' lang='lat' dir='ltr'><strong>ambigui·</strong></span> 
     </span>
     <span class='ocr_line' id='line_1_8' title="bbox 335 1154 1985 1246; baseline -0.001 -23"><span class='ocrx_word' id='word_1_78' title='bbox 335 1161 412 1224; x_wconf 90' lang='lat' dir='ltr'><strong>tatis</strong></span> <span class='ocrx_word' id='word_1_79' title='bbox 435 1159 593 1246; x_wconf 89' lang='lat' dir='ltr'><strong>expedias</strong></span> <span class='ocrx_word' id='word_1_80' title='bbox 617 1166 661 1240; x_wconf 91' lang='lat' dir='ltr'><strong>et,</strong></span> <span class='ocrx_word' id='word_1_81' title='bbox 685 1159 762 1244; x_wconf 90' lang='lat' dir='ltr'><strong>quia</strong></span> <span class='ocrx_word' id='word_1_82' title='bbox 778 1158 993 1244; x_wconf 77' lang='lat' dir='ltr'><strong>Simplicium,</strong></span> <span class='ocrx_word' id='word_1_83' title='bbox 1017 1158 1231 1245; x_wconf 89' lang='lat' dir='ltr'><strong>spectabilem</strong></span> <span class='ocrx_word' id='word_1_84' title='bbox 1255 1158 1371 1238; x_wconf 87' lang='lat' dir='ltr'><strong>virum,</strong></span> <span class='ocrx_word' id='word_1_85' title='bbox 1394 1157 1585 1243; x_wconf 89' lang='lat' dir='ltr'><strong>episcopum</strong></span> <span class='ocrx_word' id='word_1_86' title='bbox 1610 1154 1672 1220; x_wconf 91' lang='lat' dir='ltr'><strong>sibi</strong></span> <span class='ocrx_word' id='word_1_87' title='bbox 1695 1155 1823 1241; x_wconf 89' lang='lat' dir='ltr'><strong>flagitat</strong></span> <span class='ocrx_word' id='word_1_88' title='bbox 1843 1158 1985 1244; x_wconf 90' lang='lat' dir='ltr'><strong>populus</strong></span> 
     </span>
     <span class='ocr_line' id='line_1_9' title="bbox 334 1257 1986 1350; baseline 0.001 -24"><span class='ocrx_word' id='word_1_89' title='bbox 334 1262 466 1329; x_wconf 85' lang='lat' dir='ltr'><strong>Biturix</strong></span> <span class='ocrx_word' id='word_1_90' title='bbox 489 1262 644 1343; x_wconf 88' lang='lat' dir='ltr'><strong>ordinari,</strong></span> <span class='ocrx_word' id='word_1_91' title='bbox 667 1262 745 1348; x_wconf 92' lang='lat' dir='ltr'><strong>quid</strong></span> <span class='ocrx_word' id='word_1_92' title='bbox 769 1284 868 1350; x_wconf 90' lang='lat' dir='ltr'><strong>super</strong></span> <span class='ocrx_word' id='word_1_93' title='bbox 892 1268 982 1327; x_wconf 90' lang='lat' dir='ltr'><strong>tanto</strong></span> <span class='ocrx_word' id='word_1_94' title='bbox 1005 1262 1145 1328; x_wconf 79' lang='lat' dir='ltr'><strong>debeam</strong></span> <span class='ocrx_word' id='word_1_95' title='bbox 1168 1262 1301 1347; x_wconf 90' lang='lat' dir='ltr'><strong>negotio</strong></span> <span class='ocrx_word' id='word_1_96' title='bbox 1325 1261 1447 1340; x_wconf 87' lang='lat' dir='ltr'><strong>lacere,</strong></span> <span class='ocrx_word' id='word_1_97' title='bbox 1473 1257 1643 1324; x_wconf 91' lang='lat' dir='ltr'><strong>decernas.</strong></span> <span class='ocrx_word' id='word_1_98' title='bbox 1681 1259 1776 1323; x_wconf 85' lang='lat' dir='ltr'><strong>huius</strong></span> <span class='ocrx_word' id='word_1_99' title='bbox 1793 1281 1829 1325; x_wconf 90' lang='lat' dir='ltr'><strong>es</strong></span> <span class='ocrx_word' id='word_1_100' title='bbox 1844 1281 1986 1347; x_wconf 88' lang='lat' dir='ltr'><strong>namque</strong></span> 
     </span>
     <span class='ocr_line' id='line_1_10' title="bbox 333 1362 1985 1453; baseline 0.001 -23"><span class='ocrx_word' id='word_1_101' title='bbox 333 1366 386 1430; x_wconf 89' lang='lat' dir='ltr'><strong>vel</strong></span> <span class='ocrx_word' id='word_1_102' title='bbox 414 1388 493 1453; x_wconf 92' lang='lat' dir='ltr'><strong>erga</strong></span> <span class='ocrx_word' id='word_1_103' title='bbox 523 1387 576 1432; x_wconf 89' lang='lat' dir='ltr'><strong>me</strong></span> <span class='ocrx_word' id='word_1_104' title='bbox 603 1365 801 1451; x_wconf 80' lang='lat' dir='ltr'><strong>dignationis</strong></span> <span class='ocrx_word' id='word_1_105' title='bbox 827 1367 881 1432; x_wconf 85' lang='lat' dir='ltr'><strong>vel</strong></span> <span class='ocrx_word' id='word_1_106' title='bbox 909 1387 990 1451; x_wconf 92' lang='lat' dir='ltr'><strong>erga</strong></span> <span class='ocrx_word' id='word_1_107' title='bbox 1020 1367 1164 1450; x_wconf 89' lang='lat' dir='ltr'><strong>reliquos</strong></span> <span class='ocrx_word' id='word_1_108' title='bbox 1193 1365 1415 1444; x_wconf 72' lang='lat' dir='ltr'><strong>auctoritatis,</strong></span> <span class='ocrx_word' id='word_1_109' title='bbox 1448 1369 1484 1427; x_wconf 90' lang='lat' dir='ltr'><strong>ut</strong></span> <span class='ocrx_word' id='word_1_110' title='bbox 1513 1363 1540 1427; x_wconf 94' lang='lat' dir='ltr'><strong>si</strong></span> <span class='ocrx_word' id='word_1_111' title='bbox 1569 1362 1646 1448; x_wconf 92' lang='lat' dir='ltr'><strong>quid</strong></span> <span class='ocrx_word' id='word_1_112' title='bbox 1667 1363 1739 1428; x_wconf 88' lang='lat' dir='ltr'><strong>fieri</strong></span> <span class='ocrx_word' id='word_1_113' title='bbox 1763 1364 1855 1429; x_wconf 84' lang='lat' dir='ltr'><strong>voles</strong></span> <span class='ocrx_word' id='word_1_114' title='bbox 1879 1364 1985 1450; x_wconf 84' lang='lat' dir='ltr'><strong>(voles</strong></span> 
     </span>
     <span class='ocr_line' id='line_1_11' title="bbox 283 1465 2039 1557; baseline -0.001 -23"><span class='ocrx_word' id='word_1_115' title='bbox 283 1473 302 1534; x_wconf 85' lang='lat'><strong>3</strong></span> <span class='ocrx_word' id='word_1_116' title='bbox 336 1476 448 1536; x_wconf 89' lang='lat' dir='ltr'><strong>autem</strong></span> <span class='ocrx_word' id='word_1_117' title='bbox 476 1470 628 1557; x_wconf 89' lang='lat' dir='ltr'><strong>quiequid</strong></span> <span class='ocrx_word' id='word_1_118' title='bbox 659 1471 891 1557; x_wconf 88' lang='lat' dir='ltr'><strong>aequissimum</strong></span> <span class='ocrx_word' id='word_1_119' title='bbox 921 1469 1003 1555; x_wconf 85' lang='lat' dir='ltr'><strong>est),</strong></span> <span class='ocrx_word' id='word_1_120' title='bbox 1037 1490 1102 1534; x_wconf 91' lang='lat' dir='ltr'><strong>non</strong></span> <span class='ocrx_word' id='word_1_121' title='bbox 1132 1468 1270 1534; x_wconf 89' lang='lat' dir='ltr'><strong>suadere</strong></span> <span class='ocrx_word' id='word_1_122' title='bbox 1301 1475 1367 1533; x_wconf 91' lang='lat' dir='ltr'><strong>tam</strong></span> <span class='ocrx_word' id='word_1_123' title='bbox 1397 1466 1521 1554; x_wconf 89' lang='lat' dir='ltr'><strong>debeas</strong></span> <span class='ocrx_word' id='word_1_124' title='bbox 1552 1487 1648 1552; x_wconf 88' lang='lat' dir='ltr'><strong>quarn</strong></span> <span class='ocrx_word' id='word_1_125' title='bbox 1679 1465 1803 1533; x_wconf 88' lang='lat' dir='ltr'><strong>iubere.</strong></span> <span class='ocrx_word' id='word_1_126' title='bbox 1848 1466 1890 1531; x_wconf 91' lang='lat' dir='ltr'><strong>de</strong></span> <span class='ocrx_word' id='word_1_127' title='bbox 1920 1489 1985 1553; x_wconf 91' lang='lat' dir='ltr'><strong>quo</strong></span> <span class='ocrx_word' id='word_1_128' title='bbox 2014 1484 2039 1522; x_wconf 88' lang='lat'><strong>1⁰</strong></span> 
     </span>
     <span class='ocr_line' id='line_1_12' title="bbox 334 1569 1987 1661; baseline 0 -22"><span class='ocrx_word' id='word_1_129' title='bbox 334 1580 446 1640; x_wconf 88' lang='lat' dir='ltr'><strong>tamen</strong></span> <span class='ocrx_word' id='word_1_130' title='bbox 463 1572 628 1660; x_wconf 82' lang='lat' dir='ltr'><strong>Simplicio</strong></span> <span class='ocrx_word' id='word_1_131' title='bbox 653 1575 771 1639; x_wconf 90' lang='lat' dir='ltr'><strong>scitote</strong></span> <span class='ocrx_word' id='word_1_132' title='bbox 794 1575 920 1639; x_wconf 90' lang='lat' dir='ltr'><strong>narrari</strong></span> <span class='ocrx_word' id='word_1_133' title='bbox 944 1573 1084 1661; x_wconf 88' lang='lat' dir='ltr'><strong>plurima</strong></span> <span class='ocrx_word' id='word_1_134' title='bbox 1106 1572 1202 1655; x_wconf 90' lang='lat' dir='ltr'><strong>bona,</strong></span> <span class='ocrx_word' id='word_1_135' title='bbox 1226 1579 1326 1658; x_wconf 89' lang='lat' dir='ltr'><strong>atque</strong></span> <span class='ocrx_word' id='word_1_136' title='bbox 1350 1593 1390 1637; x_wconf 92' lang='lat' dir='ltr'><strong>ea</strong></span> <span class='ocrx_word' id='word_1_137' title='bbox 1414 1571 1545 1658; x_wconf 91' lang='lat' dir='ltr'><strong>quidem</strong></span> <span class='ocrx_word' id='word_1_138' title='bbox 1562 1593 1582 1635; x_wconf 91' lang='lat' dir='ltr'><strong>a</strong></span> <span class='ocrx_word' id='word_1_139' title='bbox 1597 1571 1744 1656; x_wconf 91' lang='lat' dir='ltr'><strong>plurimis</strong></span> <span class='ocrx_word' id='word_1_140' title='bbox 1760 1569 1865 1636; x_wconf 90' lang='lat' dir='ltr'><strong>bonis.</strong></span> <span class='ocrx_word' id='word_1_141' title='bbox 1902 1594 1987 1659; x_wconf 88' lang='lat' dir='ltr'><strong>quae</strong></span> 
     </span>
     <span class='ocr_line' id='line_1_13' title="bbox 333 1674 1985 1765; baseline 0.001 -24"><span class='ocrx_word' id='word_1_142' title='bbox 333 1678 522 1742; x_wconf 89' lang='lat' dir='ltr'><strong>testimonia</strong></span> <span class='ocrx_word' id='word_1_143' title='bbox 545 1677 624 1742; x_wconf 92' lang='lat' dir='ltr'><strong>mihi</strong></span> <span class='ocrx_word' id='word_1_144' title='bbox 646 1679 751 1765; x_wconf 90' lang='lat' dir='ltr'><strong>prima</strong></span> <span class='ocrx_word' id='word_1_145' title='bbox 766 1677 873 1743; x_wconf 79' lang='lat' dir='ltr'><strong>fronte</strong></span> <span class='ocrx_word' id='word_1_146' title='bbox 892 1676 1055 1762; x_wconf 90' lang='lat' dir='ltr'><strong>conloquii</strong></span> <span class='ocrx_word' id='word_1_147' title='bbox 1072 1697 1137 1741; x_wconf 91' lang='lat' dir='ltr'><strong>non</strong></span> <span class='ocrx_word' id='word_1_148' title='bbox 1154 1677 1234 1741; x_wconf 84' lang='lat' dir='ltr'><strong>satis</strong></span> <span class='ocrx_word' id='word_1_149' title='bbox 1250 1681 1355 1761; x_wconf 88' lang='lat' dir='ltr'><strong>grata,</strong></span> <span class='ocrx_word' id='word_1_150' title='bbox 1379 1675 1456 1760; x_wconf 92' lang='lat' dir='ltr'><strong>quia</strong></span> <span class='ocrx_word' id='word_1_151' title='bbox 1472 1674 1552 1739; x_wconf 92' lang='lat' dir='ltr'><strong>satis</strong></span> <span class='ocrx_word' id='word_1_152' title='bbox 1568 1674 1723 1759; x_wconf 88' lang='lat' dir='ltr'><strong>gratiosa,</strong></span> <span class='ocrx_word' id='word_1_153' title='bbox 1747 1674 1985 1744; x_wconf 86' lang='lat' dir='ltr'><strong>indicabantur.</strong></span> 
     </span>
     <span class='ocr_line' id='line_1_14' title="bbox 334 1778 1986 1868; baseline 0.002 -25"><span class='ocrx_word' id='word_1_154' title='bbox 334 1786 369 1844; x_wconf 89' lang='lat' dir='ltr'><strong>at</strong></span> <span class='ocrx_word' id='word_1_155' title='bbox 397 1787 570 1866; x_wconf 88' lang='lat' dir='ltr'><strong>postquam</strong></span> <span class='ocrx_word' id='word_1_156' title='bbox 598 1782 745 1846; x_wconf 91' lang='lat' dir='ltr'><strong>aemulos</strong></span> <span class='ocrx_word' id='word_1_157' title='bbox 773 1782 844 1847; x_wconf 89' lang='lat' dir='ltr'><strong>eius</strong></span> <span class='ocrx_word' id='word_1_158' title='bbox 872 1781 952 1845; x_wconf 91' lang='lat' dir='ltr'><strong>nihil</strong></span> <span class='ocrx_word' id='word_1_159' title='bbox 979 1779 1045 1844; x_wconf 79' lang='lat' dir='ltr'><strong>vidi</strong></span> <span class='ocrx_word' id='word_1_160' title='bbox 1072 1780 1215 1866; x_wconf 90' lang='lat' dir='ltr'><strong>amplius</strong></span> <span class='ocrx_word' id='word_1_161' title='bbox 1245 1800 1341 1864; x_wconf 88' lang='lat' dir='ltr'><strong>quarn</strong></span> <span class='ocrx_word' id='word_1_162' title='bbox 1371 1778 1487 1858; x_wconf 90' lang='lat' dir='ltr'><strong>silere,</strong></span> <span class='ocrx_word' id='word_1_163' title='bbox 1516 1784 1615 1863; x_wconf 91' lang='lat' dir='ltr'><strong>atque</strong></span> <span class='ocrx_word' id='word_1_164' title='bbox 1645 1798 1702 1842; x_wconf 90' lang='lat' dir='ltr'><strong>eos</strong></span> <span class='ocrx_word' id='word_1_165' title='bbox 1731 1799 1900 1861; x_wconf 87' lang='lat' dir='ltr'><strong>maxume,</strong></span> <span class='ocrx_word' id='word_1_166' title='bbox 1930 1782 1986 1868; x_wconf 93' lang='lat' dir='ltr'><strong>qui</strong></span> 
     </span>
     <span class='ocr_line' id='line_1_15' title="bbox 334 1879 1984 1971; baseline 0.002 -25"><span class='ocrx_word' id='word_1_167' title='bbox 334 1882 432 1949; x_wconf 85' lang='lat' dir='ltr'><strong>fldem</strong></span> <span class='ocrx_word' id='word_1_168' title='bbox 455 1883 569 1948; x_wconf 84' lang='lat' dir='ltr'><strong>fovent</strong></span> <span class='ocrx_word' id='word_1_169' title='bbox 584 1885 792 1968; x_wconf 89' lang='lat' dir='ltr'><strong>Arianorum,</strong></span> <span class='ocrx_word' id='word_1_170' title='bbox 816 1905 923 1971; x_wconf 89' lang='lat' dir='ltr'><strong>neque</strong></span> <span class='ocrx_word' id='word_1_171' title='bbox 946 1883 1113 1970; x_wconf 92' lang='lat' dir='ltr'><strong>quippiam</strong></span> <span class='ocrx_word' id='word_1_172' title='bbox 1137 1883 1313 1963; x_wconf 90' lang='lat' dir='ltr'><strong>nominato,</strong></span> <span class='ocrx_word' id='word_1_173' title='bbox 1337 1883 1416 1947; x_wconf 90' lang='lat' dir='ltr'><strong>licet</strong></span> <span class='ocrx_word' id='word_1_174' title='bbox 1438 1879 1580 1946; x_wconf 89' lang='lat' dir='ltr'><strong>necdum</strong></span> <span class='ocrx_word' id='word_1_175' title='bbox 1604 1887 1737 1946; x_wconf 87' lang='lat' dir='ltr'><strong>nostrae</strong></span> <span class='ocrx_word' id='word_1_176' title='bbox 1760 1882 1984 1969; x_wconf 83' lang='lat' dir='ltr'><strong>professionis,</strong></span> 
     </span>
     <span class='ocr_line' id='line_1_16' title="bbox 334 1972 2039 2074; baseline 0.002 -24"><span class='ocrx_word' id='word_1_177' title='bbox 334 1986 493 2051; x_wconf 90' lang='lat' dir='ltr'><strong>inlicitum</strong></span> <span class='ocrx_word' id='word_1_178' title='bbox 528 1988 661 2074; x_wconf 90' lang='lat' dir='ltr'><strong>opponi,</strong></span> <span class='ocrx_word' id='word_1_179' title='bbox 695 1988 838 2052; x_wconf 91' lang='lat' dir='ltr'><strong>animum</strong></span> <span class='ocrx_word' id='word_1_180' title='bbox 867 1987 994 2053; x_wconf 87' lang='lat' dir='ltr'><strong>adverti</strong></span> <span class='ocrx_word' id='word_1_181' title='bbox 1024 1987 1270 2054; x_wconf 84' lang='lat' dir='ltr'><strong>exactissimum</strong></span> <span class='ocrx_word' id='word_1_182' title='bbox 1298 1987 1404 2051; x_wconf 88' lang='lat' dir='ltr'><strong>virum</strong></span> <span class='ocrx_word' id='word_1_183' title='bbox 1432 2006 1532 2071; x_wconf 91' lang='lat' dir='ltr'><strong>posse</strong></span> <span class='ocrx_word' id='word_1_184' title='bbox 1561 1986 1702 2063; x_wconf 88' lang='lat' dir='ltr'><strong>censeri,</strong></span> <span class='ocrx_word' id='word_1_185' title='bbox 1731 1972 1778 2051; x_wconf 38' lang='lat' dir='ltr'><strong>&#39;de</strong></span> <span class='ocrx_word' id='word_1_186' title='bbox 1806 2007 1870 2072; x_wconf 95' lang='lat' dir='ltr'><strong>quo</strong></span> <span class='ocrx_word' id='word_1_187' title='bbox 1903 1988 1985 2054; x_wconf 85' lang='lat' dir='ltr'><strong>civis</strong></span> <span class='ocrx_word' id='word_1_188' title='bbox 2014 2005 2039 2043; x_wconf 76' lang='lat'><strong>1⁵</strong></span> 
     </span>
     <span class='ocr_line' id='line_1_17' title="bbox 282 2087 1986 2178; baseline 0.003 -25"><span class='ocrx_word' id='word_1_189' title='bbox 282 2094 301 2153; x_wconf 78' lang='lat' dir='ltr'><strong>t</strong></span> <span class='ocrx_word' id='word_1_190' title='bbox 334 2090 440 2154; x_wconf 91' lang='lat' dir='ltr'><strong>malus</strong></span> <span class='ocrx_word' id='word_1_191' title='bbox 463 2090 562 2175; x_wconf 90' lang='lat' dir='ltr'><strong>loqui,</strong></span> <span class='ocrx_word' id='word_1_192' title='bbox 587 2091 693 2155; x_wconf 91' lang='lat' dir='ltr'><strong>bonus</strong></span> <span class='ocrx_word' id='word_1_193' title='bbox 716 2098 828 2157; x_wconf 91' lang='lat' dir='ltr'><strong>tacere</strong></span> <span class='ocrx_word' id='word_1_194' title='bbox 851 2112 917 2157; x_wconf 90' lang='lat' dir='ltr'><strong>non</strong></span> <span class='ocrx_word' id='word_1_195' title='bbox 941 2096 1061 2177; x_wconf 90' lang='lat' dir='ltr'><strong>posset.</strong></span> <span class='ocrx_word' id='word_1_196' title='bbox 1098 2089 1157 2156; x_wconf 91' lang='lat' dir='ltr'><strong>sed</strong></span> <span class='ocrx_word' id='word_1_197' title='bbox 1181 2112 1238 2156; x_wconf 89' lang='lat' dir='ltr'><strong>cur</strong></span> <span class='ocrx_word' id='word_1_198' title='bbox 1261 2112 1322 2177; x_wconf 88' lang='lat' dir='ltr'><strong>ego</strong></span> <span class='ocrx_word' id='word_1_199' title='bbox 1344 2091 1410 2155; x_wconf 90' lang='lat' dir='ltr'><strong>ista</strong></span> <span class='ocrx_word' id='word_1_200' title='bbox 1432 2088 1515 2154; x_wconf 90' lang='lat' dir='ltr'><strong>haec</strong></span> <span class='ocrx_word' id='word_1_201' title='bbox 1531 2089 1662 2174; x_wconf 91' lang='lat' dir='ltr'><strong>ineptus</strong></span> <span class='ocrx_word' id='word_1_202' title='bbox 1678 2087 1793 2169; x_wconf 89' lang='lat' dir='ltr'><strong>adieci,</strong></span> <span class='ocrx_word' id='word_1_203' title='bbox 1818 2097 1986 2178; x_wconf 86' lang='lat' dir='ltr'><strong>tamquam</strong></span> 
     </span>
     <span class='ocr_line' id='line_1_18' title="bbox 240 2191 1985 2283; baseline 0.003 -26"><span class='ocrx_word' id='word_1_204' title='bbox 240 2228 243 2237; x_wconf 91' lang='lat'><strong>·</strong></span> <span class='ocrx_word' id='word_1_205' title='bbox 333 2191 447 2259; x_wconf 89' lang='lat' dir='ltr'><strong>darem</strong></span> <span class='ocrx_word' id='word_1_206' title='bbox 475 2195 648 2259; x_wconf 88' lang='lat' dir='ltr'><strong>consilium</strong></span> <span class='ocrx_word' id='word_1_207' title='bbox 680 2195 735 2280; x_wconf 93' lang='lat' dir='ltr'><strong>qui</strong></span> <span class='ocrx_word' id='word_1_208' title='bbox 763 2196 918 2281; x_wconf 82' lang='lat' dir='ltr'><strong>poposci?</strong></span> <span class='ocrx_word' id='word_1_209' title='bbox 965 2196 1042 2280; x_wconf 92' lang='lat' dir='ltr'><strong>quin</strong></span> <span class='ocrx_word' id='word_1_210' title='bbox 1071 2196 1178 2281; x_wconf 93' lang='lat' dir='ltr'><strong>potius</strong></span> <span class='ocrx_word' id='word_1_211' title='bbox 1207 2196 1315 2259; x_wconf 90' lang='lat' dir='ltr'><strong>omnia</strong></span> <span class='ocrx_word' id='word_1_212' title='bbox 1338 2215 1381 2259; x_wconf 87' lang='lat' dir='ltr'><strong>ex</strong></span> <span class='ocrx_word' id='word_1_213' title='bbox 1404 2199 1515 2259; x_wconf 85' lang='lat' dir='ltr'><strong>vestro</strong></span> <span class='ocrx_word' id='word_1_214' title='bbox 1538 2199 1620 2257; x_wconf 90' lang='lat' dir='ltr'><strong>nutu</strong></span> <span class='ocrx_word' id='word_1_215' title='bbox 1643 2193 1776 2258; x_wconf 89' lang='lat' dir='ltr'><strong>arbitrio</strong></span> <span class='ocrx_word' id='word_1_216' title='bbox 1799 2195 1985 2283; x_wconf 88' lang='lat' dir='ltr'><strong>litterisque</strong></span> 
     </span>
     <span class='ocr_line' id='line_1_19' title="bbox 334 2295 1985 2385; baseline 0.002 -25"><span class='ocrx_word' id='word_1_217' title='bbox 334 2295 549 2382; x_wconf 87' lang='lat' dir='ltr'><strong>disponentur</strong></span> <span class='ocrx_word' id='word_1_218' title='bbox 577 2299 821 2379; x_wconf 90' lang='lat' dir='ltr'><strong>sacerdotibus,</strong></span> <span class='ocrx_word' id='word_1_219' title='bbox 850 2299 1063 2385; x_wconf 90' lang='lat' dir='ltr'><strong>popularibus</strong></span> <span class='ocrx_word' id='word_1_220' title='bbox 1086 2299 1394 2364; x_wconf 82' lang='lat' dir='ltr'><strong>manifestabuntur.</strong></span> <span class='ocrx_word' id='word_1_221' title='bbox 1438 2317 1545 2382; x_wconf 89' lang='lat' dir='ltr'><strong>neque</strong></span> <span class='ocrx_word' id='word_1_222' title='bbox 1570 2297 1657 2361; x_wconf 90' lang='lat' dir='ltr'><strong>enim</strong></span> <span class='ocrx_word' id='word_1_223' title='bbox 1680 2297 1726 2360; x_wconf 89' lang='lat' dir='ltr'><strong>ita</strong></span> <span class='ocrx_word' id='word_1_224' title='bbox 1749 2296 1928 2384; x_wconf 89' lang='lat' dir='ltr'><strong>desipimus</strong></span> <span class='ocrx_word' id='word_1_225' title='bbox 1951 2300 1985 2364; x_wconf 91' lang='lat' dir='ltr'><strong>in</strong></span> 
     </span>
     <span class='ocr_line' id='line_1_20' title="bbox 333 2399 1986 2489; baseline 0.004 -27"><span class='ocrx_word' id='word_1_226' title='bbox 333 2405 449 2477; x_wconf 89' lang='lat' dir='ltr'><strong>totum,</strong></span> <span class='ocrx_word' id='word_1_227' title='bbox 473 2405 510 2463; x_wconf 92' lang='lat' dir='ltr'><strong>ut</strong></span> <span class='ocrx_word' id='word_1_228' title='bbox 532 2401 736 2466; x_wconf 87' lang='lat' dir='ltr'><strong>evocandum</strong></span> <span class='ocrx_word' id='word_1_229' title='bbox 758 2408 792 2467; x_wconf 93' lang='lat' dir='ltr'><strong>te</strong></span> <span class='ocrx_word' id='word_1_230' title='bbox 816 2402 968 2489; x_wconf 91' lang='lat' dir='ltr'><strong>primum,</strong></span> <span class='ocrx_word' id='word_1_231' title='bbox 992 2403 1020 2466; x_wconf 87' lang='lat' dir='ltr'><strong>si</strong></span> <span class='ocrx_word' id='word_1_232' title='bbox 1043 2403 1156 2468; x_wconf 86' lang='lat' dir='ltr'><strong>venire</strong></span> <span class='ocrx_word' id='word_1_233' title='bbox 1177 2402 1333 2489; x_wconf 89' lang='lat' dir='ltr'><strong>possibile</strong></span> <span class='ocrx_word' id='word_1_234' title='bbox 1350 2409 1413 2479; x_wconf 87' lang='lat' dir='ltr'><strong>est,</strong></span> <span class='ocrx_word' id='word_1_235' title='bbox 1435 2399 1564 2480; x_wconf 88' lang='lat' dir='ltr'><strong>deinde,</strong></span> <span class='ocrx_word' id='word_1_236' title='bbox 1588 2400 1708 2486; x_wconf 90' lang='lat' dir='ltr'><strong>siquid</strong></span> <span class='ocrx_word' id='word_1_237' title='bbox 1728 2403 1872 2486; x_wconf 91' lang='lat' dir='ltr'><strong>sequius,</strong></span> <span class='ocrx_word' id='word_1_238' title='bbox 1896 2412 1986 2469; x_wconf 87' lang='lat' dir='ltr'><strong>certe</strong></span> 
     </span>
     <span class='ocr_line' id='line_1_21' title="bbox 335 2501 2040 2592; baseline 0.003 -25"><span class='ocrx_word' id='word_1_239' title='bbox 335 2501 572 2568; x_wconf 89' lang='lat' dir='ltr'><strong>consulendum</strong></span> <span class='ocrx_word' id='word_1_240' title='bbox 600 2504 868 2584; x_wconf 89' lang='lat' dir='ltr'><strong>decerneremus,</strong></span> <span class='ocrx_word' id='word_1_241' title='bbox 898 2506 962 2571; x_wconf 92' lang='lat' dir='ltr'><strong>nisi</strong></span> <span class='ocrx_word' id='word_1_242' title='bbox 989 2506 1022 2572; x_wconf 89' lang='lat' dir='ltr'><strong>iu</strong></span> <span class='ocrx_word' id='word_1_243' title='bbox 1051 2506 1203 2571; x_wconf 91' lang='lat' dir='ltr'><strong>omnibus</strong></span> <span class='ocrx_word' id='word_1_244' title='bbox 1227 2505 1423 2571; x_wconf 85' lang='lat' dir='ltr'><strong>obsecuturi.</strong></span> <span class='ocrx_word' id='word_1_245' title='bbox 1469 2523 1594 2568; x_wconf 89' lang='lat' dir='ltr'><strong>memor</strong></span> <span class='ocrx_word' id='word_1_246' title='bbox 1615 2506 1718 2569; x_wconf 90' lang='lat' dir='ltr'><strong>nostri</strong></span> <span class='ocrx_word' id='word_1_247' title='bbox 1742 2526 1816 2571; x_wconf 90' lang='lat' dir='ltr'><strong>esse</strong></span> <span class='ocrx_word' id='word_1_248' title='bbox 1839 2505 1985 2592; x_wconf 88' lang='lat' dir='ltr'><strong>dignare,</strong></span> <span class='ocrx_word' id='word_1_249' title='bbox 2013 2523 2040 2562; x_wconf 71' lang='grc' dir='ltr'><strong>ιο</strong></span> 
     </span>
     <span class='ocr_line' id='line_1_22' title="bbox 335 2606 584 2694; baseline 0 -21"><span class='ocrx_word' id='word_1_250' title='bbox 335 2606 465 2673; x_wconf 91' lang='lat' dir='ltr'><strong>domine</strong></span> <span class='ocrx_word' id='word_1_251' title='bbox 488 2627 584 2694; x_wconf 89' lang='lat' dir='ltr'><strong>papa.</strong></span> 
     </span>
    </p>
   </div>
   <div class='ocr_carea' id='block_1_3' title="bbox 614 2849 1711 3073">
    <p class='ocr_par' dir='ltr' id='par_1_3' title="bbox 614 2849 1711 3073">
     <span class='ocr_line' id='line_1_23' title="bbox 1128 2849 1189 2916; baseline -0.016 0"><span class='ocrx_word' id='word_1_252' title='bbox 1128 2849 1189 2916; x_wconf 90' lang='lat' dir='ltr'><strong>IX.</strong></span> 
     </span>
     <span class='ocr_line' id='line_1_24' title="bbox 614 3004 1711 3073; baseline 0.003 -3"><span class='ocrx_word' id='word_1_253' title='bbox 614 3004 827 3071; x_wconf 82' lang='lat' dir='ltr'>SIDONIUS</span> <span class='ocrx_word' id='word_1_254' title='bbox 850 3005 1029 3073; x_wconf 86' lang='lat' dir='ltr'>DOMINO</span> <span class='ocrx_word' id='word_1_255' title='bbox 1052 3006 1202 3072; x_wconf 80' lang='lat' dir='ltr'>PAPAE</span> <span class='ocrx_word' id='word_1_256' title='bbox 1225 3006 1464 3072; x_wconf 78' lang='lat' dir='ltr'>PERPETUO</span> <span class='ocrx_word' id='word_1_257' title='bbox 1488 3005 1711 3073; x_wconf 81' lang='lat' dir='ltr'><strong>SALUTEM.</strong></span> 
     </span>
    </p>
   </div>
   <div class='ocr_carea' id='block_1_4' title="bbox 283 3139 2039 3776">
    <p class='ocr_par' dir='ltr' id='par_1_4' title="bbox 285 3139 2039 3673">
     <span class='ocr_line' id='line_1_25' title="bbox 285 3139 1988 3259; baseline 0.005 -30"><span class='ocrx_word' id='word_1_258' title='bbox 285 3162 298 3221; x_wconf 83' lang='lat'>1</span> <span class='ocrx_word' id='word_1_259' title='bbox 440 3139 627 3234; x_wconf 83' lang='lat' dir='ltr'><strong>Dasrnsaro</strong></span> <span class='ocrx_word' id='word_1_260' title='bbox 662 3168 856 3254; x_wconf 87' lang='lat' dir='ltr'><strong>spiritalium</strong></span> <span class='ocrx_word' id='word_1_261' title='bbox 883 3169 1076 3251; x_wconf 88' lang='lat' dir='ltr'><strong>lectionum,</strong></span> <span class='ocrx_word' id='word_1_262' title='bbox 1113 3190 1249 3255; x_wconf 89' lang='lat' dir='ltr'><strong>quarum</strong></span> <span class='ocrx_word' id='word_1_263' title='bbox 1283 3171 1343 3236; x_wconf 93' lang='lat' dir='ltr'><strong>tibi</strong></span> <span class='ocrx_word' id='word_1_264' title='bbox 1376 3177 1443 3236; x_wconf 89' lang='lat' dir='ltr'><strong>tarn</strong></span> <span class='ocrx_word' id='word_1_265' title='bbox 1475 3191 1533 3257; x_wconf 90' lang='lat' dir='ltr'><strong>per</strong></span> <span class='ocrx_word' id='word_1_266' title='bbox 1563 3171 1770 3236; x_wconf 88' lang='lat' dir='ltr'><strong>authenticos</strong></span> <span class='ocrx_word' id='word_1_267' title='bbox 1799 3192 1895 3256; x_wconf 89' lang='lat' dir='ltr'><strong>quarn</strong></span> <span class='ocrx_word' id='word_1_268' title='bbox 1926 3194 1988 3259; x_wconf 90' lang='lat' dir='ltr'><strong>per</strong></span> 
     </span>
     <span class='ocr_line' id='line_1_26' title="bbox 333 3271 1985 3360; baseline 0.004 -25"><span class='ocrx_word' id='word_1_269' title='bbox 333 3271 556 3358; x_wconf 87' lang='lat' dir='ltr'><strong>disputatores</strong></span> <span class='ocrx_word' id='word_1_270' title='bbox 579 3271 792 3358; x_wconf 87' lang='lat' dir='ltr'><strong>bybliotheca</strong></span> <span class='ocrx_word' id='word_1_271' title='bbox 813 3272 890 3337; x_wconf 90' lang='lat' dir='ltr'><strong>fidei</strong></span> <span class='ocrx_word' id='word_1_272' title='bbox 914 3272 1095 3339; x_wconf 89' lang='lat' dir='ltr'><strong>catholicae</strong></span> <span class='ocrx_word' id='word_1_273' title='bbox 1118 3274 1349 3360; x_wconf 86' lang='lat' dir='ltr'><strong>perfamiliaris</strong></span> <span class='ocrx_word' id='word_1_274' title='bbox 1373 3282 1438 3356; x_wconf 90' lang='lat' dir='ltr'><strong>est,</strong></span> <span class='ocrx_word' id='word_1_275' title='bbox 1467 3276 1565 3340; x_wconf 87' lang='lat' dir='ltr'><strong>ctiam</strong></span> <span class='ocrx_word' id='word_1_276' title='bbox 1589 3275 1660 3355; x_wconf 90' lang='lat' dir='ltr'><strong>illa,</strong></span> <span class='ocrx_word' id='word_1_277' title='bbox 1691 3295 1775 3360; x_wconf 90' lang='lat' dir='ltr'><strong>quac</strong></span> <span class='ocrx_word' id='word_1_278' title='bbox 1798 3296 1985 3341; x_wconf 85' lang='lat' dir='ltr'><strong>maxumam</strong></span> 
     </span>
     <span class='ocr_line' id='line_1_27' title="bbox 330 3375 2039 3466; baseline 0.004 -26"><span class='ocrx_word' id='word_1_279' title='bbox 330 3382 461 3440; x_wconf 90' lang='lat' dir='ltr'><strong>tuarum</strong></span> <span class='ocrx_word' id='word_1_280' title='bbox 486 3375 612 3440; x_wconf 90' lang='lat' dir='ltr'><strong>scilicet</strong></span> <span class='ocrx_word' id='word_1_281' title='bbox 635 3376 763 3440; x_wconf 90' lang='lat' dir='ltr'><strong>aurium</strong></span> <span class='ocrx_word' id='word_1_282' title='bbox 785 3377 920 3442; x_wconf 90' lang='lat' dir='ltr'><strong>minime</strong></span> <span class='ocrx_word' id='word_1_283' title='bbox 944 3376 1044 3461; x_wconf 92' lang='lat' dir='ltr'><strong>digna</strong></span> <span class='ocrx_word' id='word_1_284' title='bbox 1064 3383 1140 3442; x_wconf 92' lang='lat' dir='ltr'><strong>sunt</strong></span> <span class='ocrx_word' id='word_1_285' title='bbox 1155 3399 1318 3465; x_wconf 87' lang='lat' dir='ltr'><strong>occupare</strong></span> <span class='ocrx_word' id='word_1_286' title='bbox 1336 3400 1517 3460; x_wconf 87' lang='lat' dir='ltr'><strong>censuram,</strong></span> <span class='ocrx_word' id='word_1_287' title='bbox 1541 3399 1677 3444; x_wconf 90' lang='lat' dir='ltr'><strong>noscere</strong></span> <span class='ocrx_word' id='word_1_288' title='bbox 1697 3381 1803 3464; x_wconf 87' lang='lat' dir='ltr'><strong>cupis;</strong></span> <span class='ocrx_word' id='word_1_289' title='bbox 1826 3379 1986 3466; x_wconf 88' lang='lat' dir='ltr'><strong>siquidem</strong></span> <span class='ocrx_word' id='word_1_290' title='bbox 2013 3396 2039 3436; x_wconf 58' lang='grc' dir='ltr'><strong>’ὅ</strong></span> 
     </span>
     <span class='ocr_line' id='line_1_28' title="bbox 334 3479 1985 3570; baseline 0.004 -27"><span class='ocrx_word' id='word_1_291' title='bbox 334 3479 491 3564; x_wconf 89' lang='lat' dir='ltr'><strong>iniungis,</strong></span> <span class='ocrx_word' id='word_1_292' title='bbox 520 3484 557 3541; x_wconf 92' lang='lat' dir='ltr'><strong>ut</strong></span> <span class='ocrx_word' id='word_1_293' title='bbox 580 3479 776 3560; x_wconf 84' lang='lat' dir='ltr'><strong>orationem,</strong></span> <span class='ocrx_word' id='word_1_294' title='bbox 806 3501 871 3566; x_wconf 93' lang='lat' dir='ltr'><strong>qua</strong></span> <span class='ocrx_word' id='word_1_295' title='bbox 893 3479 1005 3545; x_wconf 88' lang='lat' dir='ltr'><strong>videor</strong></span> <span class='ocrx_word' id='word_1_296' title='bbox 1028 3480 1068 3545; x_wconf 88' lang='lat' dir='ltr'><strong>ad</strong></span> <span class='ocrx_word' id='word_1_297' title='bbox 1091 3481 1223 3568; x_wconf 86' lang='lat' dir='ltr'><strong>plebem</strong></span> <span class='ocrx_word' id='word_1_298' title='bbox 1246 3482 1405 3570; x_wconf 79' lang='lat' dir='ltr'><strong>Biturigis</strong></span> <span class='ocrx_word' id='word_1_299' title='bbox 1429 3484 1462 3547; x_wconf 91' lang='lat' dir='ltr'><strong>in</strong></span> <span class='ocrx_word' id='word_1_300' title='bbox 1486 3483 1628 3547; x_wconf 91' lang='lat' dir='ltr'><strong>ccclesia</strong></span> <span class='ocrx_word' id='word_1_301' title='bbox 1651 3483 1903 3562; x_wconf 88' lang='lat' dir='ltr'><strong>sermocinatus,</strong></span> <span class='ocrx_word' id='word_1_302' title='bbox 1926 3484 1985 3549; x_wconf 90' lang='lat' dir='ltr'><strong>tibi</strong></span> 
     </span>
     <span class='ocr_line' id='line_1_29' title="bbox 334 3580 1984 3673; baseline 0.004 -27"><span class='ocrx_word' id='word_1_303' title='bbox 334 3581 487 3666; x_wconf 85' lang='lat' dir='ltr'><strong>dirigam3</strong></span> <span class='ocrx_word' id='word_1_304' title='bbox 520 3580 573 3645; x_wconf 90' lang='lat' dir='ltr'><strong>cui</strong></span> <span class='ocrx_word' id='word_1_305' title='bbox 599 3602 664 3646; x_wconf 93' lang='lat' dir='ltr'><strong>non</strong></span> <span class='ocrx_word' id='word_1_306' title='bbox 693 3582 856 3648; x_wconf 88' lang='lat' dir='ltr'><strong>rhetorica</strong></span> <span class='ocrx_word' id='word_1_307' title='bbox 878 3584 1025 3669; x_wconf 91' lang='lat' dir='ltr'><strong>partitio,</strong></span> <span class='ocrx_word' id='word_1_308' title='bbox 1057 3605 1121 3649; x_wconf 92' lang='lat' dir='ltr'><strong>non</strong></span> <span class='ocrx_word' id='word_1_309' title='bbox 1145 3581 1308 3652; x_wconf 87' lang='lat' dir='ltr'><strong>oratoriae</strong></span> <span class='ocrx_word' id='word_1_310' title='bbox 1328 3589 1451 3667; x_wconf 91' lang='lat' dir='ltr'><strong>minac,</strong></span> <span class='ocrx_word' id='word_1_311' title='bbox 1480 3608 1546 3651; x_wconf 92' lang='lat' dir='ltr'><strong>non</strong></span> <span class='ocrx_word' id='word_1_312' title='bbox 1569 3586 1835 3671; x_wconf 84' lang='lat' dir='ltr'><strong>grammaticales</strong></span> <span class='ocrx_word' id='word_1_313' title='bbox 1858 3587 1984 3673; x_wconf 83' lang='lat' dir='ltr'><strong>figurae</strong></span> 
     </span>
    </p>

    <p class='ocr_par' dir='ltr' id='par_1_5' title="bbox 283 3684 1985 3776">
     <span class='ocr_line' id='line_1_30' title="bbox 283 3684 1985 3776; baseline 0.005 -28"><span class='ocrx_word' id='word_1_314' title='bbox 283 3688 302 3748; x_wconf 86' lang='lat'><strong>2</strong></span> <span class='ocrx_word' id='word_1_315' title='bbox 334 3690 570 3770; x_wconf 89' lang='lat' dir='ltr'><strong>congruentem</strong></span> <span class='ocrx_word' id='word_1_316' title='bbox 600 3684 752 3750; x_wconf 87' lang='lat' dir='ltr'><strong>decorem</strong></span> <span class='ocrx_word' id='word_1_317' title='bbox 781 3686 1053 3773; x_wconf 87' lang='lat' dir='ltr'><strong>disciplinamque</strong></span> <span class='ocrx_word' id='word_1_318' title='bbox 1084 3688 1389 3776; x_wconf 82' lang='lat' dir='ltr'><strong>suppeditaverunt.</strong></span> <span class='ocrx_word' id='word_1_319' title='bbox 1433 3711 1540 3776; x_wconf 90' lang='lat' dir='ltr'><strong>neque</strong></span> <span class='ocrx_word' id='word_1_320' title='bbox 1571 3690 1657 3754; x_wconf 89' lang='lat' dir='ltr'><strong>enim</strong></span> <span class='ocrx_word' id='word_1_321' title='bbox 1689 3689 1772 3768; x_wconf 89' lang='lat' dir='ltr'><strong>illic,</strong></span> <span class='ocrx_word' id='word_1_322' title='bbox 1802 3695 1839 3754; x_wconf 92' lang='lat' dir='ltr'><strong>ut</strong></span> <span class='ocrx_word' id='word_1_323' title='bbox 1867 3699 1985 3757; x_wconf 88' lang='lat' dir='ltr'><strong>exacte</strong></span> 
     </span>
    </p>
   </div>
   <div class='ocr_carea' id='block_1_5' title="bbox 283 3843 468 3853">
    <p class='ocr_par' dir='ltr' id='par_1_6' title="bbox 283 3843 468 3853">
     <span class='ocr_line' id='line_1_31' title="bbox 283 3843 468 3853; baseline -0.011 0"><span class='ocrx_word' id='word_1_324' title='bbox 283 3843 419 3853; x_wconf 73' lang='lat'><strong>——---</strong></span> <span class='ocrx_word' id='word_1_325' title='bbox 439 3846 468 3851; x_wconf 88' lang='lat'><strong>--</strong></span> 
     </span>
    </p>
   </div>
   <div class='ocr_carea' id='block_1_6' title="bbox 330 3960 1989 5608">
    <p class='ocr_par' dir='ltr' id='par_1_7' title="bbox 330 3960 1989 5608">
     <span class='ocr_line' id='line_1_32' title="bbox 439 3960 1986 4032; baseline 0.003 -19"><span class='ocrx_word' id='word_1_326' title='bbox 439 3961 451 4013; x_wconf 99' lang='grc'>1</span> <span class='ocrx_word' id='word_1_327' title='bbox 471 3964 535 4014; x_wconf 78' lang='lat' dir='ltr'><strong>fluvi</strong></span> <span class='ocrx_word' id='word_1_328' title='bbox 554 3962 577 4014; x_wconf 80' lang='lat' dir='ltr'><em>O</em></span> <span class='ocrx_word' id='word_1_329' title='bbox 643 3962 830 4030; x_wconf 87' lang='lat' dir='ltr'><strong>placidissimus</strong></span> <span class='ocrx_word' id='word_1_330' title='bbox 849 3960 895 4030; x_wconf 87' lang='lat' dir='ltr'><strong>(ssi</strong></span> <span class='ocrx_word' id='word_1_331' title='bbox 912 3964 940 4015; x_wconf 81' lang='lat' dir='ltr'><strong>ia</strong></span> <span class='ocrx_word' id='word_1_332' title='bbox 956 3981 1010 4016; x_wconf 82' lang='lat' dir='ltr'><strong>ras.</strong></span> <span class='ocrx_word' id='word_1_333' title='bbox 1029 3964 1087 4028; x_wconf 89' lang='grc' dir='ltr'><em>Μ’)</em></span> <span class='ocrx_word' id='word_1_334' title='bbox 1106 3962 1236 4016; x_wconf 76' lang='grc' dir='ltr'><em>ΜΤΟΤΡ</em></span> <span class='ocrx_word' id='word_1_335' title='bbox 1306 3967 1389 4032; x_wconf 84' lang='lat' dir='ltr'><strong>adque</strong></span> <span class='ocrx_word' id='word_1_336' title='bbox 1407 3965 1432 4016; x_wconf 87' lang='lat' dir='ltr'><em>L</em></span> <span class='ocrx_word' id='word_1_337' title='bbox 1506 3982 1521 4018; x_wconf 94' lang='lat' dir='ltr'><strong>e</strong></span> <span class='ocrx_word' id='word_1_338' title='bbox 1538 3973 1651 4018; x_wconf 88' lang='lat' dir='ltr'><strong>tractatu</strong></span> <span class='ocrx_word' id='word_1_339' title='bbox 1668 3965 1778 4032; x_wconf 80' lang='lat' dir='ltr'><strong>LMOP,</strong></span> <span class='ocrx_word' id='word_1_340' title='bbox 1796 3973 1934 4019; x_wconf 85' lang='lat' dir='ltr'><strong>retractatu</strong></span> <span class='ocrx_word' id='word_1_341' title='bbox 1958 3967 1986 4032; x_wconf 94' lang='grc' dir='ltr'><strong>Τ,</strong></span> 
     </span>
     <span class='ocr_line' id='line_1_33' title="bbox 335 4067 1986 4153; baseline 0.001 -18"><span class='ocrx_word' id='word_1_342' title='bbox 335 4080 361 4150; x_wconf 65' lang='lat'><strong>7,</strong></span> <span class='ocrx_word' id='word_1_343' title='bbox 385 4090 495 4136; x_wconf 87' lang='lat' dir='ltr'><strong>tractatu</strong></span> <span class='ocrx_word' id='word_1_344' title='bbox 514 4083 543 4135; x_wconf 84' lang='lat' dir='ltr'><em>F</em></span> <span class='ocrx_word' id='word_1_345' title='bbox 664 4081 817 4148; x_wconf 60' lang='lat' dir='ltr'><strong>aanor]</strong></span> <span class='ocrx_word' id='word_1_346' title='bbox 835 4089 851 4141; x_wconf 77' lang='lat'>3</span> <span class='ocrx_word' id='word_1_347' title='bbox 870 4084 896 4135; x_wconf 91' lang='lat' dir='ltr'><em>P</em></span> <span class='ocrx_word' id='word_1_348' title='bbox 989 4093 1105 4137; x_wconf 83' lang='lat' dir='ltr'><strong>manaret</strong></span> <span class='ocrx_word' id='word_1_349' title='bbox 1125 4083 1163 4149; x_wconf 85' lang='lat' dir='ltr'><strong>(et</strong></span> <span class='ocrx_word' id='word_1_350' title='bbox 1179 4085 1207 4135; x_wconf 82' lang='lat' dir='ltr'><strong>in</strong></span> <span class='ocrx_word' id='word_1_351' title='bbox 1224 4101 1277 4136; x_wconf 82' lang='lat' dir='ltr'><strong>ras.</strong></span> <span class='ocrx_word' id='word_1_352' title='bbox 1296 4083 1355 4148; x_wconf 92' lang='grc' dir='ltr'><em>Μ’)</em></span> <span class='ocrx_word' id='word_1_353' title='bbox 1372 4083 1406 4133; x_wconf 98' lang='grc' dir='ltr'><em>Μ</em></span> <span class='ocrx_word' id='word_1_354' title='bbox 1494 4092 1574 4135; x_wconf 69' lang='lat' dir='ltr'><strong>antas</strong></span> <span class='ocrx_word' id='word_1_355' title='bbox 1593 4092 1907 4150; x_wconf 67' lang='lat' dir='ltr'><strong>(commaerentem</strong></span> <span class='ocrx_word' id='word_1_356' title='bbox 1925 4067 1986 4153; x_wconf 88' lang='grc' dir='ltr'><em>Μ’)</em></span> 
     </span>
     <span class='ocr_line' id='line_1_34' title="bbox 333 4201 1986 4313; baseline 0 -55"><span class='ocrx_word' id='word_1_357' title='bbox 333 4222 469 4273; x_wconf 85' lang='lat' dir='ltr'><strong>spumosus</strong></span> <span class='ocrx_word' id='word_1_358' title='bbox 486 4202 543 4269; x_wconf 90' lang='lat' dir='ltr'><strong>(aus</strong></span> <span class='ocrx_word' id='word_1_359' title='bbox 554 4205 583 4256; x_wconf 80' lang='lat' dir='ltr'><strong>iu</strong></span> <span class='ocrx_word' id='word_1_360' title='bbox 594 4222 647 4257; x_wconf 80' lang='lat' dir='ltr'><strong>ras.</strong></span> <span class='ocrx_word' id='word_1_361' title='bbox 660 4202 717 4271; x_wconf 86' lang='grc' dir='ltr'><em>Μ’)</em></span> <span class='ocrx_word' id='word_1_362' title='bbox 730 4205 763 4254; x_wconf 92' lang='grc' dir='ltr'><em>Μ</em></span> <span class='ocrx_word' id='word_1_363' title='bbox 820 4203 864 4313; x_wconf 76' lang='lat' dir='ltr'><strong>d3</strong></span> <span class='ocrx_word' id='word_1_364' title='bbox 881 4205 1065 4258; x_wconf 83' lang='lat' dir='ltr'><strong>iactanoiamO</strong></span> <span class='ocrx_word' id='word_1_365' title='bbox 1113 4222 1144 4257; x_wconf 85' lang='lat' dir='ltr'><strong>ac</strong></span> <span class='ocrx_word' id='word_1_366' title='bbox 1162 4203 1316 4258; x_wconf 82' lang='lat' dir='ltr'><strong>turbidus&#39;l&gt;</strong></span> <span class='ocrx_word' id='word_1_367' title='bbox 1364 4203 1505 4272; x_wconf 83' lang='lat' dir='ltr'><strong>precsbsO</strong></span> <span class='ocrx_word' id='word_1_368' title='bbox 1587 4201 1664 4270; x_wconf 72' lang='lat' dir='ltr'><strong>dac]</strong></span> <span class='ocrx_word' id='word_1_369' title='bbox 1682 4203 1766 4255; x_wconf 85' lang='lat' dir='ltr'><strong>autF</strong></span> <span class='ocrx_word' id='word_1_370' title='bbox 1812 4205 1838 4257; x_wconf 89' lang='lat' dir='ltr'><strong>id</strong></span> <span class='ocrx_word' id='word_1_371' title='bbox 1850 4205 1986 4273; x_wconf 64' lang='lat' dir='ltr'><strong>tuear,</strong></span> 
     </span>
     <span class='ocr_line' id='line_1_35' title="bbox 332 4321 1988 4392; baseline 0.001 -14"><span class='ocrx_word' id='word_1_372' title='bbox 332 4321 389 4378; x_wconf 85' lang='grc' dir='ltr'><strong>1ι’Τ</strong></span> <span class='ocrx_word' id='word_1_373' title='bbox 487 4324 645 4378; x_wconf 77' lang='lat' dir='ltr'><strong>bammixts</strong></span> <span class='ocrx_word' id='word_1_374' title='bbox 663 4333 742 4392; x_wconf 83' lang='lat' dir='ltr'><strong>(corr.</strong></span> <span class='ocrx_word' id='word_1_375' title='bbox 760 4327 788 4377; x_wconf 81' lang='lat' dir='ltr'><strong>in</strong></span> <span class='ocrx_word' id='word_1_376' title='bbox 805 4328 903 4379; x_wconf 85' lang='lat' dir='ltr'><strong>amixta</strong></span> <span class='ocrx_word' id='word_1_377' title='bbox 921 4326 981 4391; x_wconf 88' lang='grc' dir='ltr'><em>Μ’)</em></span> <span class='ocrx_word' id='word_1_378' title='bbox 998 4325 1079 4377; x_wconf 80' lang='lat' dir='ltr'><strong>LMO</strong></span> <span class='ocrx_word' id='word_1_379' title='bbox 1151 4342 1251 4378; x_wconf 85' lang='lat' dir='ltr'><strong>venans</strong></span> <span class='ocrx_word' id='word_1_380' title='bbox 1268 4323 1312 4389; x_wconf 82' lang='lat' dir='ltr'><strong>(ua</strong></span> <span class='ocrx_word' id='word_1_381' title='bbox 1334 4342 1400 4377; x_wconf 84' lang='lat' dir='ltr'><strong>eras.</strong></span> <span class='ocrx_word' id='word_1_382' title='bbox 1421 4323 1469 4391; x_wconf 76' lang='lat'><strong>0¹)</strong></span> <span class='ocrx_word' id='word_1_383' title='bbox 1490 4324 1512 4376; x_wconf 82' lang='lat' dir='ltr'><em>C</em></span> <span class='ocrx_word' id='word_1_384' title='bbox 1583 4327 1703 4392; x_wconf 90' lang='lat' dir='ltr'><strong>quoniam</strong></span> <span class='ocrx_word' id='word_1_385' title='bbox 1716 4325 1748 4390; x_wconf 81' lang='lat' dir='ltr'><strong>L,</strong></span> <span class='ocrx_word' id='word_1_386' title='bbox 1771 4328 1839 4392; x_wconf 91' lang='lat' dir='ltr'><strong>quod</strong></span> <span class='ocrx_word' id='word_1_387' title='bbox 1858 4327 1891 4378; x_wconf 91' lang='grc' dir='ltr'><em>Μ</em></span> <span class='ocrx_word' id='word_1_388' title='bbox 1893 4327 1988 4380; x_wconf 83' lang='lat' dir='ltr'><em>TOFP</em></span> 
     </span>
     <span class='ocr_line' id='line_1_36' title="bbox 332 4444 1988 4515; baseline 0.002 -17"><span class='ocrx_word' id='word_1_389' title='bbox 332 4448 418 4515; x_wconf 87' lang='lat' dir='ltr'><strong>spacia</strong></span> <span class='ocrx_word' id='word_1_390' title='bbox 435 4447 485 4499; x_wconf 78' lang='lat' dir='ltr'><strong>to</strong></span> <span class='ocrx_word' id='word_1_391' title='bbox 603 4444 620 4498; x_wconf 88' lang='grc'><strong>6</strong></span> <span class='ocrx_word' id='word_1_392' title='bbox 642 4448 848 4515; x_wconf 84' lang='lat' dir='ltr'><strong>praepedimento</strong></span> <span class='ocrx_word' id='word_1_393' title='bbox 871 4445 898 4515; x_wconf 86' lang='grc' dir='ltr'><strong>(ο</strong></span> <span class='ocrx_word' id='word_1_394' title='bbox 914 4449 943 4498; x_wconf 79' lang='lat' dir='ltr'><strong>in</strong></span> <span class='ocrx_word' id='word_1_395' title='bbox 959 4465 1013 4499; x_wconf 78' lang='lat' dir='ltr'><strong>ras.</strong></span> <span class='ocrx_word' id='word_1_396' title='bbox 1031 4445 1091 4511; x_wconf 92' lang='grc' dir='ltr'><em>Μ’)</em></span> <span class='ocrx_word' id='word_1_397' title='bbox 1109 4445 1143 4496; x_wconf 88' lang='grc' dir='ltr'><em>Μ</em></span> <span class='ocrx_word' id='word_1_398' title='bbox 1226 4447 1326 4500; x_wconf 88' lang='lat' dir='ltr'><strong>sedullo</strong></span> <span class='ocrx_word' id='word_1_399' title='bbox 1344 4446 1369 4497; x_wconf 83' lang='lat' dir='ltr'><em>L</em></span> <span class='ocrx_word' id='word_1_400' title='bbox 1488 4444 1506 4498; x_wconf 86' lang='lat'><em>8</em></span> <span class='ocrx_word' id='word_1_401' title='bbox 1523 4448 1622 4514; x_wconf 85' lang='lat' dir='ltr'><strong>negocii</strong></span> <span class='ocrx_word' id='word_1_402' title='bbox 1640 4447 1672 4512; x_wconf 75' lang='lat' dir='ltr'><strong>h,</strong></span> <span class='ocrx_word' id='word_1_403' title='bbox 1696 4449 1803 4515; x_wconf 85' lang='lat' dir='ltr'><strong>negocio</strong></span> <span class='ocrx_word' id='word_1_404' title='bbox 1822 4447 1845 4499; x_wconf 80' lang='lat'><em>0</em></span> <span class='ocrx_word' id='word_1_405' title='bbox 1928 4452 1944 4501; x_wconf 73' lang='grc' dir='ltr'><strong><em>ὃ</em></strong></span> <span class='ocrx_word' id='word_1_406' title='bbox 1962 4450 1988 4501; x_wconf 87' lang='grc' dir='ltr'><strong><em>Ρ</em></strong></span> 
     </span>
     <span class='ocr_line' id='line_1_37' title="bbox 333 4566 1988 4637; baseline 0.002 -18"><span class='ocrx_word' id='word_1_407' title='bbox 333 4584 436 4634; x_wconf 81' lang='lat' dir='ltr'><strong>nanque</strong></span> <span class='ocrx_word' id='word_1_408' title='bbox 454 4567 489 4618; x_wconf 90' lang='grc' dir='ltr'><em>Μ</em></span> <span class='ocrx_word' id='word_1_409' title='bbox 589 4566 1053 4633; x_wconf 67' lang='lat' dir='ltr'><strong>9v012.1.add.r1¹,mn.1³,u1</strong></span> <span class='ocrx_word' id='word_1_410' title='bbox 1070 4567 1099 4619; x_wconf 83' lang='lat' dir='ltr'><em>F</em></span> <span class='ocrx_word' id='word_1_411' title='bbox 1200 4566 1232 4619; x_wconf 92' lang='grc'><strong>11</strong></span> <span class='ocrx_word' id='word_1_412' title='bbox 1252 4568 1320 4621; x_wconf 87' lang='lat' dir='ltr'><strong>bona</strong></span> <span class='ocrx_word' id='word_1_413' title='bbox 1336 4567 1422 4619; x_wconf 78' lang='lat' dir='ltr'><strong>om.0</strong></span> <span class='ocrx_word' id='word_1_414' title='bbox 1488 4569 1571 4635; x_wconf 83' lang='lat' dir='ltr'><strong>adque</strong></span> <span class='ocrx_word' id='word_1_415' title='bbox 1588 4567 1613 4618; x_wconf 79' lang='lat' dir='ltr'><em>L</em></span> <span class='ocrx_word' id='word_1_416' title='bbox 1717 4566 1750 4620; x_wconf 79' lang='lat'><strong>12</strong></span> <span class='ocrx_word' id='word_1_417' title='bbox 1768 4570 1850 4637; x_wconf 87' lang='lat' dir='ltr'><strong>prima</strong></span> <span class='ocrx_word' id='word_1_418' title='bbox 1866 4571 1945 4623; x_wconf 87' lang='lat' dir='ltr'><strong>michi</strong></span> <span class='ocrx_word' id='word_1_419' title='bbox 1965 4572 1988 4623; x_wconf 83' lang='grc' dir='ltr'><strong><em>Ο</em></strong></span> 
     </span>
     <span class='ocr_line' id='line_1_38' title="bbox 331 4685 1987 4765; baseline 0.002 -24"><span class='ocrx_word' id='word_1_420' title='bbox 331 4689 452 4754; x_wconf 85' lang='lat' dir='ltr'><strong>colloquii</strong></span> <span class='ocrx_word' id='word_1_421' title='bbox 470 4687 504 4739; x_wconf 88' lang='grc' dir='ltr'><em>Μ</em></span> <span class='ocrx_word' id='word_1_422' title='bbox 506 4686 600 4740; x_wconf 78' lang='grc' dir='ltr'><em>ΤΟΤΡ</em></span> <span class='ocrx_word' id='word_1_423' title='bbox 719 4687 752 4740; x_wconf 87' lang='grc'><strong>13</strong></span> <span class='ocrx_word' id='word_1_424' title='bbox 770 4689 850 4740; x_wconf 89' lang='lat' dir='ltr'><strong>nichil</strong></span> <span class='ocrx_word' id='word_1_425' title='bbox 867 4688 950 4765; x_wconf 66' lang='lat' dir='ltr'><strong>Mos</strong></span> <span class='ocrx_word' id='word_1_426' title='bbox 1022 4690 1106 4756; x_wconf 82' lang='lat' dir='ltr'><strong>adque</strong></span> <span class='ocrx_word' id='word_1_427' title='bbox 1124 4689 1149 4740; x_wconf 74' lang='lat' dir='ltr'><em>L</em></span> <span class='ocrx_word' id='word_1_428' title='bbox 1226 4691 1337 4743; x_wconf 85' lang='lat' dir='ltr'><strong>maxims</strong></span> <span class='ocrx_word' id='word_1_429' title='bbox 1355 4688 1389 4739; x_wconf 91' lang='grc' dir='ltr'><em>Μ</em></span> <span class='ocrx_word' id='word_1_430' title='bbox 1391 4689 1485 4742; x_wconf 73' lang='lat' dir='ltr'><strong>ruff</strong></span> <span class='ocrx_word' id='word_1_431' title='bbox 1604 4685 1637 4740; x_wconf 82' lang='grc'><strong>14</strong></span> <span class='ocrx_word' id='word_1_432' title='bbox 1654 4691 1812 4742; x_wconf 90' lang='lat' dir='ltr'><strong>arrianorum</strong></span> <span class='ocrx_word' id='word_1_433' title='bbox 1831 4691 1987 4744; x_wconf 68' lang='lat' dir='ltr'><strong>turrem&gt;</strong></span> 
     </span>
     <span class='ocr_line' id='line_1_39' title="bbox 331 4767 1986 4878; baseline 0.002 -19"><span class='ocrx_word' id='word_1_434' title='bbox 331 4803 501 4875; x_wconf 82' lang='lat' dir='ltr'><strong>quippiumO</strong></span> <span class='ocrx_word' id='word_1_435' title='bbox 602 4804 636 4858; x_wconf 81' lang='lat'><strong>15</strong></span> <span class='ocrx_word' id='word_1_436' title='bbox 652 4809 771 4860; x_wconf 87' lang='lat' dir='ltr'><strong>illicitum</strong></span> <span class='ocrx_word' id='word_1_437' title='bbox 783 4808 844 4872; x_wconf 79' lang='grc' dir='ltr'><strong>ΜΟ,</strong></span> <span class='ocrx_word' id='word_1_438' title='bbox 861 4767 955 4862; x_wconf 70' lang='lat' dir='ltr'><strong>ullium</strong></span> <span class='ocrx_word' id='word_1_439' title='bbox 968 4809 1010 4861; x_wconf 83' lang='lat' dir='ltr'><strong>F¹</strong></span> <span class='ocrx_word' id='word_1_440' title='bbox 1080 4811 1174 4878; x_wconf 82' lang='lat' dir='ltr'><strong>apponi</strong></span> <span class='ocrx_word' id='word_1_441' title='bbox 1189 4809 1212 4861; x_wconf 82' lang='lat'><em>0</em></span> <span class='ocrx_word' id='word_1_442' title='bbox 1277 4812 1418 4864; x_wconf 87' lang='lat' dir='ltr'><strong>animatum</strong></span> <span class='ocrx_word' id='word_1_443' title='bbox 1436 4813 1536 4865; x_wconf 85' lang='lat' dir='ltr'><strong>adverti</strong></span> <span class='ocrx_word' id='word_1_444' title='bbox 1551 4810 1578 4875; x_wconf 84' lang='lat'><strong>0,</strong></span> <span class='ocrx_word' id='word_1_445' title='bbox 1595 4789 1692 4865; x_wconf 52' lang='lat' dir='ltr'><strong>ai&#39;fduti</strong></span> <span class='ocrx_word' id='word_1_446' title='bbox 1704 4810 1733 4862; x_wconf 79' lang='grc' dir='ltr'><em>Τ</em></span> <span class='ocrx_word' id='word_1_447' title='bbox 1798 4812 1884 4878; x_wconf 84' lang='lat' dir='ltr'><strong>quiris</strong></span> <span class='ocrx_word' id='word_1_448' title='bbox 1896 4811 1986 4878; x_wconf 80' lang='lat' dir='ltr'><strong>MFP,</strong></span> 
     </span>
     <span class='ocr_line' id='line_1_40' title="bbox 331 4929 1989 5000; baseline 0.001 -19"><span class='ocrx_word' id='word_1_449' title='bbox 331 4929 344 4981; x_wconf 88' lang='lat' dir='ltr'><strong>l</strong></span> <span class='ocrx_word' id='word_1_450' title='bbox 361 4931 426 4982; x_wconf 85' lang='lat' dir='ltr'><strong>civia</strong></span> <span class='ocrx_word' id='word_1_451' title='bbox 443 4947 463 4983; x_wconf 76' lang='lat' dir='ltr'><strong>a.</strong></span> <span class='ocrx_word' id='word_1_452' title='bbox 478 4931 496 4982; x_wconf 85' lang='lat' dir='ltr'><strong>l.</strong></span> <span class='ocrx_word' id='word_1_453' title='bbox 510 4929 572 4981; x_wconf 80' lang='lat' dir='ltr'><strong>add</strong></span> <span class='ocrx_word' id='word_1_454' title='bbox 585 4929 642 4993; x_wconf 91' lang='grc' dir='ltr'><em>Μ’,</em></span> <span class='ocrx_word' id='word_1_455' title='bbox 659 4931 699 4982; x_wconf 85' lang='lat' dir='ltr'><strong>vis</strong></span> <span class='ocrx_word' id='word_1_456' title='bbox 713 4930 736 4982; x_wconf 83' lang='lat'><em>0</em></span> <span class='ocrx_word' id='word_1_457' title='bbox 837 4929 871 4983; x_wconf 88' lang='grc'><strong>16</strong></span> <span class='ocrx_word' id='word_1_458' title='bbox 889 4949 938 4999; x_wconf 90' lang='lat' dir='ltr'><strong>qur</strong></span> <span class='ocrx_word' id='word_1_459' title='bbox 957 4932 1055 5000; x_wconf 73' lang='lat' dir='ltr'><strong>argob</strong></span> <span class='ocrx_word' id='word_1_460' title='bbox 1124 4941 1246 4999; x_wconf 82' lang='lat' dir='ltr'><strong>tanquam</strong></span> <span class='ocrx_word' id='word_1_461' title='bbox 1258 4931 1344 4983; x_wconf 73' lang='lat' dir='ltr'><strong>LMF</strong></span> <span class='ocrx_word' id='word_1_462' title='bbox 1443 4930 1475 4984; x_wconf 84' lang='grc'><strong>17</strong></span> <span class='ocrx_word' id='word_1_463' title='bbox 1494 4934 1633 4986; x_wconf 71' lang='lat' dir='ltr'><strong>arbitrioss</strong></span> <span class='ocrx_word' id='word_1_464' title='bbox 1651 4933 1730 4998; x_wconf 73' lang='lat' dir='ltr'><strong>(drusa</strong></span> <span class='ocrx_word' id='word_1_465' title='bbox 1747 4933 1793 4985; x_wconf 76' lang='lat' dir='ltr'><strong>tiu.</strong></span> <span class='ocrx_word' id='word_1_466' title='bbox 1805 4949 1872 4984; x_wconf 81' lang='lat' dir='ltr'><strong>erar.</strong></span> <span class='ocrx_word' id='word_1_467' title='bbox 1883 4931 1941 4998; x_wconf 85' lang='grc' dir='ltr'><em>Μ’)</em></span> <span class='ocrx_word' id='word_1_468' title='bbox 1955 4933 1989 4983; x_wconf 87' lang='grc' dir='ltr'><em>Μ</em></span> 
     </span>
     <span class='ocr_line' id='line_1_41' title="bbox 333 5048 1985 5122; baseline 0.002 -21"><span class='ocrx_word' id='word_1_469' title='bbox 333 5048 367 5101; x_wconf 85' lang='grc'><strong>18</strong></span> <span class='ocrx_word' id='word_1_470' title='bbox 384 5051 581 5119; x_wconf 77' lang='lat' dir='ltr'><strong>popularibusq3</strong></span> <span class='ocrx_word' id='word_1_471' title='bbox 599 5049 640 5118; x_wconf 86' lang='lat' dir='ltr'><strong>(q;</strong></span> <span class='ocrx_word' id='word_1_472' title='bbox 657 5068 725 5104; x_wconf 78' lang='lat' dir='ltr'><strong>erar.</strong></span> <span class='ocrx_word' id='word_1_473' title='bbox 742 5050 800 5117; x_wconf 89' lang='grc' dir='ltr'><em>Μ’)</em></span> <span class='ocrx_word' id='word_1_474' title='bbox 819 5051 879 5103; x_wconf 90' lang='grc' dir='ltr'><strong>ΜΤ</strong></span> <span class='ocrx_word' id='word_1_475' title='bbox 984 5050 1017 5105; x_wconf 90' lang='grc'><strong>19</strong></span> <span class='ocrx_word' id='word_1_476' title='bbox 1035 5054 1151 5122; x_wconf 88' lang='lat' dir='ltr'><strong>inprimis</strong></span> <span class='ocrx_word' id='word_1_477' title='bbox 1174 5054 1199 5104; x_wconf 93' lang='grc' dir='ltr'><em>Τ</em></span> <span class='ocrx_word' id='word_1_478' title='bbox 1262 5054 1351 5106; x_wconf 81' lang='lat' dir='ltr'><strong>venire</strong></span> <span class='ocrx_word' id='word_1_479' title='bbox 1369 5071 1417 5105; x_wconf 85' lang='lat' dir='ltr'><strong>om.</strong></span> <span class='ocrx_word' id='word_1_480' title='bbox 1435 5053 1460 5103; x_wconf 93' lang='grc' dir='ltr'><em>Τ</em></span> <span class='ocrx_word' id='word_1_481' title='bbox 1524 5071 1599 5106; x_wconf 88' lang='lat' dir='ltr'><strong>secus</strong></span> <span class='ocrx_word' id='word_1_482' title='bbox 1617 5054 1648 5104; x_wconf 94' lang='grc' dir='ltr'><em>Μ</em></span> <span class='ocrx_word' id='word_1_483' title='bbox 1653 5053 1747 5105; x_wconf 67' lang='lat' dir='ltr'><strong>Your&gt;</strong></span> <span class='ocrx_word' id='word_1_484' title='bbox 1853 5052 1887 5104; x_wconf 78' lang='lat'><strong>20</strong></span> <span class='ocrx_word' id='word_1_485' title='bbox 1905 5055 1985 5107; x_wconf 87' lang='lat' dir='ltr'><strong>nostri</strong></span> 
     </span>
     <span class='ocr_line' id='line_1_42' title="bbox 330 5171 1989 5283; baseline 0.003 -61"><span class='ocrx_word' id='word_1_486' title='bbox 330 5188 386 5223; x_wconf 86' lang='lat' dir='ltr'><strong>esse</strong></span> <span class='ocrx_word' id='word_1_487' title='bbox 403 5171 510 5239; x_wconf 82' lang='lat' dir='ltr'><strong>dignare</strong></span> <span class='ocrx_word' id='word_1_488' title='bbox 527 5172 629 5225; x_wconf 89' lang='lat' dir='ltr'><strong>domina</strong></span> <span class='ocrx_word' id='word_1_489' title='bbox 646 5189 713 5241; x_wconf 80' lang='lat' dir='ltr'><strong>papa</strong></span> <span class='ocrx_word' id='word_1_490' title='bbox 729 5190 779 5225; x_wconf 83' lang='lat' dir='ltr'><strong>om.</strong></span> <span class='ocrx_word' id='word_1_491' title='bbox 794 5172 883 5237; x_wconf 83' lang='lat' dir='ltr'><strong>MFP,</strong></span> <span class='ocrx_word' id='word_1_492' title='bbox 905 5190 962 5227; x_wconf 84' lang='lat' dir='ltr'><strong>assa</strong></span> <span class='ocrx_word' id='word_1_493' title='bbox 980 5175 1088 5242; x_wconf 86' lang='lat' dir='ltr'><strong>dignare</strong></span> <span class='ocrx_word' id='word_1_494' title='bbox 1105 5175 1207 5227; x_wconf 87' lang='lat' dir='ltr'><strong>domina</strong></span> <span class='ocrx_word' id='word_1_495' title='bbox 1225 5191 1292 5242; x_wconf 86' lang='lat' dir='ltr'><strong>papa</strong></span> <span class='ocrx_word' id='word_1_496' title='bbox 1309 5192 1357 5226; x_wconf 83' lang='lat' dir='ltr'><strong>om.</strong></span> <span class='ocrx_word' id='word_1_497' title='bbox 1375 5173 1420 5226; x_wconf 80' lang='grc' dir='ltr'><strong>ΤΟ</strong></span> <span class='ocrx_word' id='word_1_498' title='bbox 1555 5172 1589 5225; x_wconf 75' lang='lat'><strong>22</strong></span> <span class='ocrx_word' id='word_1_499' title='bbox 1607 5174 1710 5227; x_wconf 89' lang='lat' dir='ltr'><strong>domino</strong></span> <span class='ocrx_word' id='word_1_500' title='bbox 1728 5175 1878 5283; x_wconf 73' lang='lat' dir='ltr'><strong>ethsalutem</strong></span> <span class='ocrx_word' id='word_1_501' title='bbox 1896 5193 1945 5227; x_wconf 83' lang='lat' dir='ltr'><strong>om.</strong></span> <span class='ocrx_word' id='word_1_502' title='bbox 1959 5175 1989 5227; x_wconf 80' lang='lat' dir='ltr'><em>F</em></span> 
     </span>
     <span class='ocr_line' id='line_1_43' title="bbox 330 5286 1984 5375; baseline 0.003 -32"><span class='ocrx_word' id='word_1_503' title='bbox 330 5289 365 5343; x_wconf 78' lang='lat'><strong>23</strong></span> <span class='ocrx_word' id='word_1_504' title='bbox 382 5292 535 5359; x_wconf 86' lang='lat' dir='ltr'><strong>spiritalium</strong></span> <span class='ocrx_word' id='word_1_505' title='bbox 554 5290 618 5359; x_wconf 87' lang='lat' dir='ltr'><strong>(spir</strong></span> <span class='ocrx_word' id='word_1_506' title='bbox 635 5292 662 5343; x_wconf 83' lang='lat' dir='ltr'><strong>ia</strong></span> <span class='ocrx_word' id='word_1_507' title='bbox 679 5309 733 5344; x_wconf 83' lang='lat' dir='ltr'><strong>rar.</strong></span> <span class='ocrx_word' id='word_1_508' title='bbox 752 5290 810 5358; x_wconf 90' lang='grc' dir='ltr'><em>Μ’)</em></span> <span class='ocrx_word' id='word_1_509' title='bbox 829 5292 868 5358; x_wconf 89' lang='grc' dir='ltr'><strong>Μ,</strong></span> <span class='ocrx_word' id='word_1_510' title='bbox 888 5294 1064 5362; x_wconf 87' lang='lat' dir='ltr'><strong>spiritualium</strong></span> <span class='ocrx_word' id='word_1_511' title='bbox 1083 5293 1132 5346; x_wconf 78' lang='lat' dir='ltr'><strong>OF</strong></span> <span class='ocrx_word' id='word_1_512' title='bbox 1204 5286 1347 5348; x_wconf 82' lang='lat' dir='ltr'><strong>autenticos</strong></span> <span class='ocrx_word' id='word_1_513' title='bbox 1365 5295 1399 5345; x_wconf 83' lang='lat' dir='ltr'><em>M</em></span> <span class='ocrx_word' id='word_1_514' title='bbox 1401 5295 1494 5347; x_wconf 70' lang='lat' dir='ltr'><strong>ruff</strong></span> <span class='ocrx_word' id='word_1_515' title='bbox 1604 5293 1639 5346; x_wconf 77' lang='lat'><strong>24</strong></span> <span class='ocrx_word' id='word_1_516' title='bbox 1656 5297 1802 5364; x_wconf 81' lang='lat' dir='ltr'><strong>bybliotecc</strong></span> <span class='ocrx_word' id='word_1_517' title='bbox 1820 5296 1870 5362; x_wconf 64' lang='grc' dir='ltr'><em>Μ’,</em></span> <span class='ocrx_word' id='word_1_518' title='bbox 1892 5297 1984 5375; x_wconf 77' lang='lat' dir='ltr'><strong>biblio·</strong></span> 
     </span>
     <span class='ocr_line' id='line_1_44' title="bbox 331 5412 1983 5483; baseline 0.003 -20"><span class='ocrx_word' id='word_1_519' title='bbox 331 5413 406 5464; x_wconf 87' lang='lat' dir='ltr'><strong>theca</strong></span> <span class='ocrx_word' id='word_1_520' title='bbox 418 5412 451 5462; x_wconf 90' lang='grc' dir='ltr'><em>Μ</em></span> <span class='ocrx_word' id='word_1_521' title='bbox 453 5412 548 5464; x_wconf 79' lang='lat' dir='ltr'><em>TOFP</em></span> <span class='ocrx_word' id='word_1_522' title='bbox 596 5413 656 5466; x_wconf 84' lang='lat' dir='ltr'><strong>fidei</strong></span> <span class='ocrx_word' id='word_1_523' title='bbox 672 5415 816 5467; x_wconf 85' lang='lat' dir='ltr'><strong>catholicae</strong></span> <span class='ocrx_word' id='word_1_524' title='bbox 833 5423 878 5467; x_wconf 75' lang='lat' dir='ltr'><strong>ortt</strong></span> <span class='ocrx_word' id='word_1_525' title='bbox 896 5415 983 5468; x_wconf 79' lang='lat' dir='ltr'><strong>delere</strong></span> <span class='ocrx_word' id='word_1_526' title='bbox 999 5423 1046 5467; x_wconf 72' lang='lat' dir='ltr'><strong>aaa</strong></span> <span class='ocrx_word' id='word_1_527' title='bbox 1057 5423 1119 5482; x_wconf 76' lang='lat' dir='ltr'><strong>port</strong></span> <span class='ocrx_word' id='word_1_528' title='bbox 1130 5416 1300 5483; x_wconf 81' lang='lat' dir='ltr'><strong>disputatores</strong></span> <span class='ocrx_word' id='word_1_529' title='bbox 1312 5425 1480 5483; x_wconf 64' lang='lat' dir='ltr'><strong>hamonem</strong></span> <span class='ocrx_word' id='word_1_530' title='bbox 1491 5417 1581 5468; x_wconf 80' lang='lat' dir='ltr'><strong>malim</strong></span> <span class='ocrx_word' id='word_1_531' title='bbox 1634 5434 1782 5470; x_wconf 84' lang='lat' dir='ltr'><strong>maxumam</strong></span> <span class='ocrx_word' id='word_1_532' title='bbox 1798 5418 1983 5482; x_wconf 61' lang='lat' dir='ltr'><strong>laoconense,</strong></span> 
     </span>
     <span class='ocr_line' id='line_1_45' title="bbox 331 5532 1982 5608; baseline 0.005 -25"><span class='ocrx_word' id='word_1_533' title='bbox 331 5537 453 5584; x_wconf 75' lang='lat' dir='ltr'><strong>maxumu</strong></span> <span class='ocrx_word' id='word_1_534' title='bbox 472 5532 505 5596; x_wconf 75' lang='lat' dir='ltr'><strong>h,</strong></span> <span class='ocrx_word' id='word_1_535' title='bbox 522 5535 632 5586; x_wconf 84' lang='lat' dir='ltr'><strong>maxime</strong></span> <span class='ocrx_word' id='word_1_536' title='bbox 650 5534 684 5585; x_wconf 90' lang='grc' dir='ltr'><em>Μ</em></span> <span class='ocrx_word' id='word_1_537' title='bbox 687 5535 780 5587; x_wconf 71' lang='lat' dir='ltr'><strong>ruff</strong></span> <span class='ocrx_word' id='word_1_538' title='bbox 881 5533 917 5587; x_wconf 79' lang='lat'><strong>26</strong></span> <span class='ocrx_word' id='word_1_539' title='bbox 935 5553 1010 5603; x_wconf 86' lang='lat' dir='ltr'><strong>quam</strong></span> <span class='ocrx_word' id='word_1_540' title='bbox 1029 5535 1063 5586; x_wconf 90' lang='grc' dir='ltr'><em>Μ</em></span> <span class='ocrx_word' id='word_1_541' title='bbox 1065 5535 1159 5588; x_wconf 70' lang='lat' dir='ltr'><strong>ruff</strong></span> <span class='ocrx_word' id='word_1_542' title='bbox 1225 5536 1336 5604; x_wconf 87' lang='lat' dir='ltr'><strong>biturgis</strong></span> <span class='ocrx_word' id='word_1_543' title='bbox 1354 5535 1406 5588; x_wconf 76' lang='lat' dir='ltr'><strong>FP</strong></span> <span class='ocrx_word' id='word_1_544' title='bbox 1512 5534 1545 5588; x_wconf 75' lang='lat'><strong>27</strong></span> <span class='ocrx_word' id='word_1_545' title='bbox 1564 5538 1690 5589; x_wconf 83' lang='lat' dir='ltr'><strong>rethorica</strong></span> <span class='ocrx_word' id='word_1_546' title='bbox 1707 5537 1840 5589; x_wconf 75' lang='lat' dir='ltr'><em>LleFP</em></span> <span class='ocrx_word' id='word_1_547' title='bbox 1907 5540 1982 5608; x_wconf 89' lang='lat' dir='ltr'><strong>parti·</strong></span> 
     </span>
    </p>
   </div>
   <div class='ocr_carea' id='block_1_7' title="bbox 330 5652 1635 5726">
    <p class='ocr_par' dir='ltr' id='par_1_8' title="bbox 330 5652 1635 5726">
     <span class='ocr_line' id='line_1_46' title="bbox 330 5652 1635 5726; baseline 0.005 -24"><span class='ocrx_word' id='word_1_548' title='bbox 330 5652 423 5720; x_wconf 83' lang='lat' dir='ltr'><strong>cipatio</strong></span> <span class='ocrx_word' id='word_1_549' title='bbox 436 5653 464 5703; x_wconf 78' lang='lat' dir='ltr'><em>F</em></span> <span class='ocrx_word' id='word_1_550' title='bbox 530 5653 674 5726; x_wconf 67' lang='lat' dir='ltr'><strong>miniran</strong></span> <span class='ocrx_word' id='word_1_551' title='bbox 773 5653 808 5709; x_wconf 77' lang='lat'><strong>28</strong></span> <span class='ocrx_word' id='word_1_552' title='bbox 825 5657 1036 5725; x_wconf 84' lang='lat' dir='ltr'><strong>disciplinamque</strong></span> <span class='ocrx_word' id='word_1_553' title='bbox 1055 5655 1080 5722; x_wconf 91' lang='lat' dir='ltr'><strong>(c</strong></span> <span class='ocrx_word' id='word_1_554' title='bbox 1097 5657 1126 5709; x_wconf 81' lang='lat' dir='ltr'><strong>ia</strong></span> <span class='ocrx_word' id='word_1_555' title='bbox 1143 5674 1197 5708; x_wconf 77' lang='lat' dir='ltr'><strong>ras.</strong></span> <span class='ocrx_word' id='word_1_556' title='bbox 1211 5655 1268 5721; x_wconf 92' lang='grc' dir='ltr'><em>Μ’)</em></span> <span class='ocrx_word' id='word_1_557' title='bbox 1282 5656 1314 5707; x_wconf 88' lang='grc' dir='ltr'><em>Μ</em></span> <span class='ocrx_word' id='word_1_558' title='bbox 1382 5663 1425 5709; x_wconf 86' lang='lat' dir='ltr'><strong>cnl</strong></span> <span class='ocrx_word' id='word_1_559' title='bbox 1443 5674 1464 5709; x_wconf 78' lang='lat' dir='ltr'><strong>a.</strong></span> <span class='ocrx_word' id='word_1_560' title='bbox 1483 5659 1499 5710; x_wconf 85' lang='lat' dir='ltr'><strong>l.</strong></span> <span class='ocrx_word' id='word_1_561' title='bbox 1513 5659 1576 5710; x_wconf 82' lang='lat' dir='ltr'><strong>cdd.</strong></span> <span class='ocrx_word' id='word_1_562' title='bbox 1589 5658 1635 5709; x_wconf 89' lang='grc' dir='ltr'><em>Μ’</em></span> 
     </span>
    </p>
   </div>
   <div class='ocr_carea' id='block_1_8' title="bbox 0 0 2236 6215">
    <p class='ocr_par' dir='ltr' id='par_1_9' title="bbox 0 0 2236 6215">
     <span class='ocr_line' id='line_1_47' title="bbox 0 0 2236 6215; baseline 0 0"><span class='ocrx_word' id='word_1_563' title='bbox 0 0 2236 6215; x_wconf 95' lang='lat' dir='ltr'><strong> </strong></span> 
     </span>
    </p>
   </div>
  </div>
 </body>
</html>
