4462 6216
735 356 786 411 Vll
804 374 830 413 v.
849 360 903 413 clu
920 389 952 399 -
973 358 1009 412 lX
1029 377 1053 412 v.
1072 360 1115 412 nt.

514 528 547 592 in
570 528 709 594 formam
732 529 837 616 redigi
861 531 956 598 iubes
979 532 1094 607 libelli,

514 632 681 717 ingentem
706 634 803 698 simul
828 643 861 699 et
883 644 1020 722 repente
1043 636 1166 700 fascem

514 737 647 800 conflari
672 737 813 801 invidiae
837 744 871 804 et
893 741 1001 824 perire
1024 738 1191 804 chartam?

512 839 673 903 mandatis
697 841 847 924 famulor,
870 841 929 908 sed
952 850 1029 907 ante
1052 851 1165 922 testor,

469 957 479 989 ³
512 943 614 1006 lector
638 965 719 1028 quas
742 945 878 1031 patieris
901 947 955 1011 hic
979 948 1137 1013 salebras.

558 1046 632 1111 Non
655 1069 714 1112 nos
737 1051 895 1115 currimus
919 1073 1074 1137 aggerem
1097 1058 1262 1116 vetustum

511 1171 571 1212 acc
596 1151 769 1237 quicquam
790 1154 949 1235 invenies,
972 1156 1029 1220 ubi
1053 1157 1196 1241 priorum

510 1255 658 1340 antiquas
681 1262 766 1320 terat
789 1259 911 1323 orbitas
935 1258 1061 1324 Thalia.

508 1379 571 1422 non
596 1359 647 1423 hic
670 1360 842 1447 antipodas
867 1363 1038 1448 salumque
1062 1364 1206 1439 rubrum,

452 1480 478 1512 a·
509 1483 573 1525 non
598 1464 648 1526 hic
672 1464 878 1530 Memnonios
902 1488 1057 1532 canemus
1082 1467 1181 1531 Indos

511 1566 658 1631 Aurorae
680 1569 753 1632 face
776 1570 879 1634 civica
902 1578 1068 1656 perustos:

509 1693 573 1735 non
597 1674 768 1754 Artaxata,
793 1673 888 1751 Susa,
912 1676 1043 1752 Bactra,
1068 1676 1222 1757 Carrhas,

508 1800 572 1841 aon
597 1785 722 1842 coctam
745 1779 918 1864 Babylone
942 1782 1138 1867 personabo,

508 1904 591 1966 quae
615 1883 740 1968 largum
765 1885 863 1948 fluvio
887 1892 1003 1970 patens
1027 1888 1158 1951 alumno

452 2000 475 2033 a
509 1986 667 2049 inclusum
692 1986 777 2050 bibit
799 1986 875 2052 hinc
899 1995 932 2052 ct
954 1988 1030 2054 inde
1054 1989 1189 2076 Tigrim.

507 2111 571 2153 aon
596 2090 647 2153 hic
670 2089 818 2176 Assyriis
842 2091 962 2156 Ninum
986 2094 1138 2179 priorem,

507 2217 569 2258 non
594 2195 699 2260 Medis
722 2205 820 2283 caput
844 2198 997 2263 Arbacen
1021 2199 1183 2285 profabor,

507 2320 567 2362 nec
595 2320 690 2384 quam
719 2300 831 2381 divite,
860 2322 933 2365 cum
961 2303 1082 2387 refugit
1110 2302 1246 2377 hostem,

506 2403 586 2467 arsit
609 2403 863 2491 Sardanapallus
887 2406 920 2469 in
945 2405 1068 2470 favilla.

450 2524 474 2553 ὐ
507 2529 571 2571 non
596 2508 716 2593 Cyrum
740 2510 897 2595 Astyagis
922 2512 1037 2597 loquar
1059 2516 1224 2596 nepotem.

505 2612 661 2676 nutritum
685 2614 786 2677 ubere
811 2633 907 2698 quem
930 2615 1039 2679 ferant
1064 2615 1194 2685 canino,

505 2715 597 2778 cuius
621 2736 684 2778 nou
709 2715 811 2780 valuit
834 2717 1049 2802 rapacitatem

504 2819 556 2882 vol
580 2818 663 2903 Lydi
687 2820 806 2884 satiare
829 2840 912 2904 gaza
935 2819 1063 2889 Croesi:

504 2923 595 2986 cuius
619 2943 681 2987 uec
705 2923 818 2988 feritas
842 2924 979 2989 subacta
1002 2933 1080 2993 tunc
1104 2935 1164 2999 est,

449 3043 472 3077 ·.·,
507 3027 611 3090 caesis
636 3027 770 3092 milibus
793 3035 870 3094 ante
894 3049 967 3092 cum
989 3029 1138 3095 ducentis

504 3132 536 3194 in
561 3131 655 3195 vallis
679 3132 854 3217 Scythicae
879 3139 1012 3198 coactas
1035 3141 1141 3200 artum

505 3235 639 3299 orbatae
667 3235 709 3300 ad
739 3235 889 3322 Tomyris
915 3238 1043 3303 veniret
1070 3246 1185 3304 utrem.

551 3340 624 3404 Non
654 3341 706 3405 hic
735 3340 913 3428 Cecropios
945 3343 1037 3427 leges
1066 3344 1261 3430 triumphos.

505 3444 556 3507 vel
582 3445 607 3507 si
633 3465 696 3530 quo
719 3444 892 3510 Marathon
917 3447 1012 3512 rubet
1034 3446 1156 3527 duella,

460 3568 464 3592 ¹
506 3558 571 3629 aut,
596 3571 669 3613 eum
691 3551 784 3615 milia
805 3551 895 3616 mille
919 3553 1108 3625 concitaret,

504 3653 649 3717 inflatum
673 3656 910 3720 numerositate
933 3655 1080 3734 Xerxen,
1179 3670 1183 3677 '

503 3764 601 3840 atque
630 3757 716 3822 hunc
746 3759 933 3824 fluminibus
962 3761 1040 3825 satis
1068 3760 1238 3847 profundis

502 3861 673 3925 confestim
698 3862 829 3928 ebibitis
853 3861 959 3928 adhuc
983 3865 1108 3933 sitisse:

501 3985 561 4028 aec
591 3986 655 4028 non
687 3965 926 4051 Thermopylas
957 3974 990 4031 et
1017 3967 1134 4032 Helles
1164 3966 1269 4032 undas

459 4085 469 4117 ³·
503 4069 622 4152 spretis
646 4068 794 4133 obicibus
819 4070 878 4132 soli
904 4071 1029 4155 salique

501 4175 625 4237 insanis
649 4175 814 4259 equitasse
837 4195 910 4238 cum
935 4175 1076 4240 catervis

501 4278 709 4364 admissoque
732 4279 764 4342 in
788 4278 900 4343 Athon
924 4284 1072 4343 tumenta
1095 4284 1195 4364 ponto

500 4384 592 4447 iuxta
614 4383 810 4448 frondiferae
835 4403 992 4448 cacumen
1014 4382 1111 4469 Alpis

500 4488 645 4572 scalptas
669 4487 828 4551 classibus
852 4488 919 4551 isse
942 4508 1002 4573 per
1024 4508 1193 4552 cavernas.

444 4606 455 4639 τ»
547 4589 620 4653 Non
643 4590 766 4676 prole'm
792 4589 1015 4656 Garamantici
1038 4589 1207 4667 Tonantis,

501 4692 610 4776 regnis
634 4692 902 4780 principibusque
924 4695 1173 4782 principantem.

499 4803 667 4881 porrectas
690 4797 791 4862 Asiae
815 4799 932 4884 loquar
952 4806 1090 4887 paterno

500 4907 608 4964 actum
633 4901 768 4967 fulmine
791 4904 983 4989 pervolasse
1005 4911 1113 4969 terras

499 5012 531 5067 ct
555 5005 692 5089 primum
716 5004 808 5070 Darii
832 5008 1070 5074 tumultuantes

187 5231 218 5282 14
241 5233 393 5283 ὓιηιιιΙοτιιιιι
415 5233 436 5281 t'
556 5229 587 5279 lb'
610 5228 670 5293 uon]
689 5246 735 5279 uos
754 5229 783 5280 F
903 5228 935 5280 17
956 5232 1091 5298 quisquam
1111 5232 1134 5281 C
1253 5228 1285 5281 19
1303 5247 1352 5283 ona.
1368 5228 1393 5280 P
1479 5229 1586 5281 rubrum
1608 5247 1675 5282 erac.
1695 5232 1733 5283 0¹

79 5317 113 5369 '2⁴2
136 5322 192 5370 fusa
216 5319 240 5368 Τ
333 5319 404 5367 baira
425 5317 476 5366 PF
575 5317 678 5366 charras
701 5316 775 5365 codri.
915 5314 949 5366 ‘23
973 5326 1073 5369 coctum
1097 5317 1121 5366 Τ
1216 5315 1380 5382 babyloniam
1399 5314 1428 5366 F
1562 5312 1596 5367 33
1619 5333 1691 5368 cruca
1714 5318 1739 5368 Τ

78 5401 111 5454 at
133 5405 249 5455 rlromiris
269 5404 363 5465 (JPT2,
387 5404 501 5454 tlroruiris
525 5401 592 5452 T¹F
709 5398 738 5451 41
766 5418 857 5453 xerceu
881 5401 910 5469 Τ,
937 5418 1043 5454 xeraaen
1062 5401 1090 5452 F
1206 5400 1413 5469 captonnaco
1433 5400 1462 5452 F
1571 5399 1607 5453 44
1623 5403 1734 5454 tclrnno-

80 5491 143 5558 pilus
162 5494 189 5552 (¹,
212 5490 403 5556 tlrcrrnoplrylas
422 5489 476 5543 ΡΤ.
500 5488 664 5554 tlremropilas
677 5487 706 5537 F
783 5488 872 5540 ileliae
889 5488 950 5538 Lar.
964 5488 1090 5550 ,inmte-5
1111 5489 1186 5540 lrellis
1204 5487 1279 5549 TCF,
1302 5488 1365 5538 lrclis
1383 5487 1410 5536 P
1522 5485 1557 5538 41)
1579 5488 1696 5556 apicibus
1715 5492 1738 5539 0

79 5578 190 5643 salisque
215 5577 238 5626 Τ
342 5575 376 5625 48
401 5576 534 5625 crreulmeu
554 5574 591 5623 1³²
705 5571 739 5623 49
763 5574 861 5625 clasibn
880 5573 906 5623 Ρ
1015 5573 1047 5625 51
1073 5577 1146 5642 regni
1164 5574 1193 5625 F
1265 5590 1314 5640 que
1332 5590 1381 5624 om.
1398 5574 1424 5624 Τ
1529 5572 1564 5625 52
1584 5583 1685 5641 praeta·
1703 5576 1735 5641 Ρ,

78 5674 205 5716 earrrecfas
224 5663 252 5713 F

1476 5778 1531 5833 a·
