4462 6216
679 331 881 388 AUCTORUM
901 332 1049 389 SIDONIO
1068 333 1321 389 nasamones.

302 502 489 571 SIDONH
505 505 856 573 EPISTULARUM

172 607 237 661 VIII
247 609 286 671 9‚1
302 627 308 660 ε
327 608 445 662 forsitan
463 608 606 662 satiricum
627 608 699 662 illud
723 609 757 662 de
780 608 893 663 satirico
915 625 972 663 non
1066 666 1069 671 ,

274 693 451 748 recordaris:
477 694 561 748 Satur
585 697 628 748 est
653 713 715 750 cum
745 695 816 750 dicit
839 693 972 749 Horatius

276 780 406 847 „euhoe“.

172 866 236 920 VIII
247 867 309 929 92:
328 865 514 919 Catonianum
544 864 740 935 superciliosae
767 865 866 920 frontis
899 865 972 919 arbi·

274 951 368 1006 trium.

172 1039 237 1092 V'lll
248 1039 290 1100 aa
303 1057 309 1092 :
329 1035 540 1107 epigrammatis
559 1077 600 1091 ...
619 1036 729 1092 lemma.

250 1144 257 1178 :
275 1141 452 1192 nequaquam
466 1121 625 1177 sollicitudo
644 1123 785 1191 permittit
802 1124 880 1178 alind
898 1141 971 1178 nunc

274 1210 376 1264 habere
395 1210 424 1263 in
443 1207 563 1271 actione,
581 1207 658 1262 alind
678 1208 708 1261 iu
726 1209 856 1263 carmine.

66 1357 78 1367 ,
171 1296 309 1362 vinae:
329 1298 412 1364 poete
491 1293 690 1349 vocalissimus.

248 1484 270 1522 c.
280 1483 302 1521 e.
316 1471 328 1521 l
338 1484 375 1535 sq.
386 1486 392 1521 ι
411 1466 479 1536 quid
498 1466 623 1521 Cirrham
643 1507 648 1519 .
660 1508 666 1520 .
677 1508 700 1520 ..

411 1570 486 1607 nunc
504 1553 533 1605 in
552 1553 676 1607 carmina
694 1569 865 1607 commovere
884 1553 972 1621 temp-

463 1643 507 1694 tas
527 1678 549 1692 ..
561 1639 589 1694 ‚t

251 1747 256 1779 :
277 1727 321 1780 vel
340 1725 479 1793 Hyantias
497 1725 631 1780 Camenas
650 1724 690 1791 (dl
708 1740 729 1778 c.
747 1725 869 1792 111284),

274 1813 342 1880 quid
360 1812 457 1867 doctos
475 1810 671 1865 Heliconidum
690 1809 820 1879 liquores,

274 1898 395 1966 scalptos
412 1896 490 1951 alitis
508 1896 664 1952 hinnientis
682 1896 748 1952 ictu.

249 2001 271 2038 c.
282 1986 299 2037 8
309 2000 346 2052 sq.
360 2003 366 2037 :
385 1982 488 2052 Apollo
501 2024 507 2038 .
519 2023 524 2035 .
536 2023 542 2037 .
555 2024 561 2036 .
575 1983 701 2052 tripodas
765 1999 869 2052 grypas
881 1999 972 2051 agam.

250 2170 270 2207 rt.
283 2154 332 2207 12:
345 2156 376 2207 tu
390 2153 454 2218 ianr,
468 2153 574 2222 Tityre,
586 2172 651 2208 rura
664 2157 728 2224 post
740 2157 852 2224 recepta
864 2171 883 2208 c.
891 2171 914 2223 q.
923 2170 973 2222 seq.

250 2258 269 2293 a
281 2241 357 2308 llsq.
373 2260 379 2294 :
399 2239 576 2294 concinentes

398 2343 446 2379 ora
465 2328 493 2379 et
511 2326 619 2394 plectra
637 2325 690 2379 tibi
709 2325 805 2379 medos
826 2324 972 2379 resultant.

249 2429 268 2464 r.
284 2413 316 2467 18
329 2431 335 2466 :
354 2414 498 2466 menstrua
515 2411 591 2465 luna
621 2411 653 2477 cd.
666 2428 687 2464 c.
700 2411 752 2466 VII
762 2411 812 2465 391
823 2427 861 2479 sq.

251 2499 333 2553 see:
353 2499 419 2552 dum
438 2514 571 2567 responsa
589 2496 663 2567 petit
680 2496 813 2552 subactus
832 2496 914 2551 orbis.

250 2671 332 2724 rna:
352 2672 495 2724 assuetum
513 2671 580 2723 ante
597 2668 656 2723 salo
675 2668 764 2723 solum
784 2667 889 2722 timere.

274 2757 306 2822 cf.
319 2772 340 2809 c.
353 2756 392 2809 IX
401 2756 436 2810 45
449 2775 455 2809 :
474 2754 526 2809 soli
545 2753 662 2823 salique.

250 2843 383 2909 e.2ss‹1.:
401 2841 447 2895 hic
466 2844 546 2895 tonso
566 2839 688 2909 occipiti,
707 2857 791 2895 senex
809 2838 970 2909 Sygamber,

273 2930 421 2997 postquam
440 2928 531 2981 victus
550 2944 578 2980 es
596 2943 618 2981 c.
630 2944 654 2995 q.
667 2943 717 2994 seq.

249 3018 332 3070 adt:
353 3014 423 3067 imos
442 3013 546 3067 Oceani
565 3014 657 3067 colens
676 3029 806 3067 recessus.

250 3101 333 3154 u33:
352 3100 448 3168 algoso
467 3116 554 3168 prope
572 3099 700 3153 concolor
718 3097 863 3167 protunda.

250 3272 334 3325 1241:
353 3270 496 3324 Parrhasis
515 3287 585 3324 ursa.

252 3443 334 3496 etl:
353 3443 498 3498 mortalem
611 3441 718 3510 implet.
762 3441 797 3507 cf.
820 3439 871 3494 VII
888 3439 970 3507 lale.

276 3528 403 3596 1111152.

252 3702 315 3754 aad
327 3716 400 3768 sqq:
419 3699 468 3754 sed
485 3701 525 3763 tu,
544 3698 650 3767 Tityre,
669 3716 752 3768 parce
770 3713 931 3768 provocare;

418 3803 485 3839 nam
502 3802 559 3839 non
577 3784 689 3840 invideo
707 3784 853 3854 magisque
871 3783 973 3850 miror,

417 3871 548 3940 quidum
555 3870 596 3925 nil
604 3887 710 3926 mereor
716 3887 865 3941 precesque
871 3871 974 3926 frustra

417 3957 560 4026 impendo,
578 3956 731 4012 Meliboeus
750 3973 808 4013 esse
826 3956 913 4027 coepi.

311 4045 341 4110 cs.
354 4060 375 4097 c.
388 4042 426 4096 IV
438 4045 450 4096 l
464 4059 516 4110 sqq.

175 4133 239 4186 VIII
252 4133 306 4194 ltl,l
323 4151 328 4183 :
348 4128 410 4193 nisi,
426 4128 490 4182 duur
504 4146 549 4182 me
561 4129 676 4182 laudare
691 4146 747 4182 non
760 4145 858 4198 parum
871 4128 973 4193 studes,

278 4215 387 4269 laudari
405 4214 556 4284 plurimum
575 4218 604 4268 te
623 4216 738 4268 veteres.
768 4215 801 4281 cf.
813 4214 940 4278 vlnus.

254 4300 462 4355 :dulcedinem
494 4299 638 4364 culvea.

253 4386 346 4441 :licet
372 4385 401 4439 id
426 4384 517 4454 ipsum
546 4384 701 4454 praedicari
728 4385 818 4454 possit
843 4384 872 4438 in
900 4387 973 4454 voto,

277 4472 352 4541 quod
368 4470 469 4525 videris
481 4488 586 4525 eruisse
602 4470 632 4524 in
645 4469 757 4525 iudicio.
787 4471 819 4537 as.
832 4471 898 4527 VIII
908 4473 973 4536 16,5.

254 4557 523 4626 :Symmachianum
550 4555 621 4609 illud
724 4577 731 4611 ε
763 4559 796 4611 ut
821 4575 887 4613 vera
913 4558 974 4612 laus

278 4648 368 4708 ornat,
387 4644 429 4697 ita
446 4642 517 4696 falsa
535 4641 665 4712 castigat.

177 4730 240 4785 VIII
252 4734 329 4789 102:
348 4731 520 4800 gubernator
538 4729 567 4782 in
586 4731 754 4798 tempestate
772 4729 957 4797 cognoscitur.

175 4988 239 5041 VIII
254 4993 330 5052 rea:
350 4989 495 5055 negotium
514 5028 571 5042 ....
591 4989 751 5055 augustum.

253 5074 307 5126 :in
335 5073 493 5127 actionibus
521 5073 619 5127 ceteris
646 5075 763 5133 eeteros,
792 5089 842 5141 pro
870 5073 941 5127 Aulo

279 5159 410 5213 Cluentio
428 5159 488 5229 ipsc
506 5177 536 5213 sc
553 5158 630 5213 vicit.

254 5353 259 5384 :
279 5333 365 5385 Gaius
380 5333 486 5387 Plinius
504 5351 554 5402 pro
570 5332 651 5387 Attia
665 5331 771 5385 Viriola
789 5331 852 5400 plus
869 5330 975 5400 gloriae

279 5419 314 5473 da
338 5420 533 5474 centumvirali
558 5421 692 5489 suggestu
717 5417 830 5471 domum
856 5416 976 5482 rettulit,

279 5524 362 5574 quarn
383 5525 445 5561 cum
457 5507 551 5562 Marco
565 5504 648 5575 Ulpio
667 5501 882 5572 incomparabili
900 5503 976 5572 prin·

279 5593 335 5669 cipi
354 5593 569 5662 comparabilem
588 5590 787 5661 panegyricum
805 5587 887 5647 dixit.

1024 782 1098 836 ‘Isca
1113 781 1164 835 VII
1174 783 1216 836 62.

1027 868 1110 921 Ilicet.
1131 868 1221 944 11121
1235 884 1271 935 sq.
1286 887 1292 920 :
1312 867 1392 922 triste
1407 867 1587 937 supercilium
1599 868 1718 937 durique
1731 886 1826 924 severa

1059 953 1173 1008 Catonis
1192 954 1274 1008 trous.

1026 1039 1100 1093 Ptin.
1120 1040 1158 1093 IV
1167 1040 1247 1103 27,3:
1266 1057 1332 1094 nam
1351 1040 1452 1093 lemma
1470 1039 1522 1094 sibi
1542 1041 1670 1110 sumpsit.

1028 1124 1125 1179 aecer.
1145 1125 1258 1191 130,1s:
1276 1125 1355 1179 aliud
1373 1125 1475 1190 dolere,
1493 1125 1571 1181 aliud
1590 1126 1676 1195 loqui.

1025 1297 1127 1351 Hanc.
1147 1297 1297 1365 Iltflsqs
1317 1296 1441 1351 vocalem
1540 1298 1658 1368 Orphea

1025 1383 1098 1437 Ptin.
1117 1383 1155 1436 IV
1165 1383 1208 1447 72
1221 1403 1227 1436 :
1247 1382 1437 1438 vocalissimus
1459 1383 1562 1452 aliquis
1575 1424 1581 1437 .
1593 1425 1599 1437 .
1609 1425 1616 1437 .
1627 1424 1633 1436 .
1645 1383 1693 1452 qui
1711 1382 1826 1452 legeret.

1026 1469 1097 1525 Stat.
1120 1469 1176 1524 aila
1189 1470 1215 1523 V
1232 1471 1276 1536 3,3
1292 1486 1354 1537 aq:
1379 1486 1470 1538 neque
1502 1469 1576 1524 eninr
1608 1471 1691 1522 antra
1717 1484 1827 1523 movere

1059 1555 1139 1609 Delia
1168 1571 1219 1610 nec
1245 1554 1357 1610 solitam
1382 1555 1424 1609 fas
1450 1557 1492 1609 est
1515 1554 1660 1624 impellere
1684 1554 1826 1623 Cyrrharn.

1058 1640 1091 1705 cs.
1111 1640 1217 1694 Ltwan.
1238 1641 1339 1708 164εᾳΙ

1026 1725 1096 1780 sar.
1109 1726 1165 1780 silc.
1179 1726 1206 1780 11
1216 1727 1258 1791 v‚4
1271 1746 1277 1779 z
1296 1726 1446 1795 pendentis
1459 1725 1534 1780 bibit
1545 1726 1668 1795 ungulae
1681 1726 1826 1795 liquorem.

1059 1812 1094 1866 ie.
1112 1813 1150 1865 8:
1169 1813 1198 1865 et
1215 1813 1310 1867 Paean
1328 1815 1358 1867 et
1376 1811 1517 1880 Hyantiae
1535 1820 1648 1866 sorores.

1026 1981 1122 2037 Glevud.
1142 1983 1303 2039 XXVIII30
1314 2000 1372 2051 sq:
1390 1983 1519 2038 Phoebus
1535 2024 1558 2037 ..
1575 1984 1721 2054 grypha..
1739 1983 1827 2052 tripo-

1059 2068 1109 2123 das
1128 2072 1257 2139 repetens
1275 2069 1400 2124 detorsit.

1031 2155 1104 2224 Vere.
1121 2156 1196 2225 calep.
1216 2157 1236 2211 1.

1024 2241 1108 2309 Apul.
1126 2248 1184 2297 met.
1198 2242 1269 2295 VI:
1288 2257 1355 2295 saxa
1373 2281 1415 2294 ...
1433 2257 1532 2295 sonum
1550 2240 1727 2295 resultarent.

1026 2325 1100 2396 Oelp.
1110 2329 1186 2397 calep.
1197 2327 1262 2382 IV5
1275 2347 1281 2381 :
1300 2326 1432 2391 carmina,
1445 2342 1517 2395 quae
1531 2326 1672 2380 nemorale
1681 2325 1827 2380 resultent.

1031 2413 1103 2481 Verp.
1119 2429 1202 2482 peorp.
1223 2413 1315 2468 1353:
1334 2414 1477 2467 menstrua
1495 2413 1570 2466 luna.

1024 2498 1093 2552 Hor.
1113 2515 1133 2553 c.
1150 2517 1170 2552 s.
1193 2500 1227 2554 55
1244 2515 1307 2568 sq:
1332 2499 1388 2553 iam
1416 2498 1537 2566 Scythae
1568 2513 1700 2568 responsa
1727 2498 1828 2566 petunt

1059 2585 1171 2654 superbi
1190 2603 1280 2655 nuper
1297 2587 1328 2640 et
1345 2582 1415 2638 Indi.

1024 2670 1129 2725 Aeson.
1143 2671 1174 2725 E
1190 2671 1270 2725 XXII
1281 2670 1360 2734 230:
1380 2669 1432 2725 soli
1451 2673 1480 2725 et
1497 2669 1550 2724 sali
1569 2668 1732 2725 eonnreraio.

1025 2841 1122 2896 Oleed.
1134 2842 1226 2895 XVIII
1235 2843 1287 2896 383
1299 2861 1306 2896 ι
1323 2841 1429 2896 militet
1437 2843 1470 2895 ut
1480 2839 1583 2896 nostris
1593 2841 1711 2897 detonsa
1719 2840 1828 2910 Sigam-

1057 2928 1120 2982 bria
1137 2927 1233 2998 signis.

1025 3013 1119 3069 Claud
1139 3015 1213 3068 135:
1232 3013 1435 3082 Atlanteosque
1453 3029 1584 3067 recessus.
1610 3012 1749 3079 axam.

1023 3100 1126 3155 Auses
1141 3099 1172 3153 E
1182 3099 1235 3152 Vll
1245 3099 1325 3162 243:
1343 3098 1440 3169 algoso
1464 3098 1570 3169 legitur
1591 3098 1656 3165 (scil.
1672 3099 1825 3167 musculus)

1057 3186 1140 3241 litore
1158 3184 1293 3241 concolor.

1026 3272 1100 3328 Ouid.
1119 3270 1230 3326 Heroid.
1250 3272 1362 3336 18,152:
1381 3269 1525 3325 Parrhasis
1543 3286 1614 3323 ursa.
1644 3271 1708 3334 sest.
1725 3270 1825 3335 4,577;

1059 3357 1239 3413 Parrhasidcs
1257 3358 1363 3412 stellae.
1392 3357 1542 3425 ethecae
1560 3356 1664 3410 11237.-

1026 3445 1099 3500 Ptin.
1118 3444 1259 3508 111143:
1286 3443 1367 3498 tidem
1401 3445 1531 3513 peractae
1564 3441 1662 3495 mortis
1688 3440 1826 3511 implevit.

1059 3531 1112 3585 VII
1122 3532 1201 3595 33,I:
1219 3546 1276 3584 non
1293 3528 1423 3585 advocati
1441 3529 1522 3584 fidem
1541 3527 1590 3583 sed
1606 3526 1713 3582 inimici
1725 3527 1826 3583 amad·

1060 3616 1187 3672 tudinem
1205 3615 1335 3686 inplesse.

1032 3704 1106 3859 15er
1116 3703 1259 3859 edoelobyllil
1271 3808 1277 3843 :
1295 3804 1351 3844 non
1364 3787 1494 3857 equidem
1506 3785 1618 3842 invideo
1630 3785 1715 3840 miror
1727 3785 1825 3856 magis.

1029 4134 1103 4189 Plio.
1122 4132 1231 4195 lX8,l:
1251 4131 1274 4184 si
1293 4131 1424 4184 laudatus
1442 4147 1460 4182 a
1477 4130 1506 4182 te
1524 4127 1638 4182 laudare
1656 4132 1685 4185 te
1701 4146 1826 4199 coepero,

1061 4233 1158 4272 vereor
1175 4233 1210 4270 ne
1288 4217 1389 4271 reterre
1406 4213 1527 4285 gratiam
1546 4213 1649 4268 videar.

1028 4556 1127 4628 Syram.
1140 4573 1170 4624 p.
1183 4554 1242 4608 340.

1027 4730 1100 4783 Ptin.
1120 4727 1158 4781 IX
1169 4726 1249 4790 tid:
1268 4743 1329 4779 cum
1349 4723 1472 4778 stridunt
1489 4726 1577 4787 l'unes,
1594 4726 1727 4778 curvatur
1738 4724 1828 4786 arbor,

1062 4813 1253 4886 gubernacula
1270 4814 1395 4880 gemunt,
1414 4810 1479 4865 hinc
1496 4810 1546 4865 ille
1563 4812 1630 4879 (scit.
1646 4810 1827 4880 gubernator)

1063 4902 1154 4957 clarus
1163 4902 1192 4954 et
1201 4898 1243 4952 dis
1252 4896 1337 4951 maris
1343 4896 1492 4966 proximus.
1504 4899 1538 4964 cs.
1546 4894 1828 4952 SenecdceonsetV3.

1027 4988 1097 5042 Hor.
1109 5003 1130 5040 c.
1150 4986 1176 5040 11
1187 4985 1280 5050 10,21;
1299 4983 1382 5037 rebus
1400 4984 1537 5053 angustis.

1027 5074 1138 5129 Hr'eron.
1164 5071 1196 5123 ta
1218 5069 1307 5124 sonsa
1332 5068 1465 5137 Orupeuts,
1493 5069 1531 5122 ad
1552 5069 1689 5124 mamm:
1714 5086 1776 5122 cum
1799 5068 1829 5121 in

1063 5157 1161 5214 ceteris
1180 5155 1259 5209 libris
1277 5171 1373 5209 omnes
1391 5155 1503 5220 vicerit,
1527 5154 1556 5209 in
1579 5152 1688 5209 mntico
1706 5153 1829 5208 cantieo-

1063 5263 1124 5298 rum
1142 5244 1203 5313 ipse
1221 5260 1250 5298 se
1267 5241 1343 5297 vicit

1031 5331 1105 5384 Plio.
1119 5331 1225 5393 Vl33‚1
1239 5345 1296 5397 sq:
1318 5326 1474 5382 orationem
1572 5327 1696 5380 divinam
1721 5366 1772 5380 ...
1797 5329 1830 5381 ut

1063 5417 1138 5471 inter
1154 5432 1243 5480 meas,
1267 5416 1420 5486 pulchram.
1533 5417 1576 5469 est
1593 5415 1663 5469 haec
1680 5430 1730 5483 pro
1748 5413 1829 5467 Attia

1062 5501 1179 5558 Viriola.

1030 5590 1130 5657 Panae.
1150 5588 1203 5641 92:
1222 5586 1363 5640 meliorem
1381 5585 1489 5655 optimo
1508 5585 1537 5652 (i.
1548 5600 1568 5639 e.
1582 5584 1753 5652 Traianum).
