4462 6216
1034 336 1215 394 KRUSCHII.
1851 349 1948 399 LXVII

286 502 366 583 ferte
392 510 556 585 percum.
610 505 642 570 A
670 527 732 588 quo
760 507 894 572 clamne
925 510 1134 592 eepupefaeti
1165 512 1222 592 qui
1251 511 1388 576 aduam
1429 514 1625 596 intermeat
1660 516 1740 597 qrrid
1770 516 1826 581 lae
1859 522 1945 582 esset.

287 605 464 687 Respondit
484 607 554 672 ille:
582 608 754 674 Amantes
776 612 899 675 amasis
926 633 1013 676 aare
1035 635 1107 677 0000
1130 613 1319 694 Papianilla
1347 617 1492 698 mutuae,
1520 639 1598 699 quos
1625 617 1700 683 alirn
1721 618 1879 700 interfeci,
1902 620 1948 684 ad

288 711 446 776 iudicium
471 733 520 777 ute
547 713 742 778 arecmibaut
775 714 929 778 diceutes:
958 714 1037 779 Veni
1058 717 1102 780 ad
1123 717 1388 798 respoudasdunr,
1416 720 1495 799 quia
1516 727 1710 785 causaturus
1731 744 1763 787 es
1784 723 1946 787 musam

287 834 393 879 coram
414 814 562 881 Domino.
608 816 682 882 Zela
704 818 788 882 enim
810 818 927 882 dwtus
958 825 1031 883 ante
1060 841 1162 884 anuas
1193 820 1317 901 aliqrros
1350 822 1510 904 ccuiupem
1531 824 1725 889 innocentem
1747 827 1947 908 amuunrque

282 918 465 997 pairarat.
518 920 624 1002 Ipitur
650 921 868 986 accedentibus
897 923 1050 1004 miscentis
1080 924 1125 987 ad
1154 925 1345 988 antedicta-ru
1374 926 1495 1003 urbem,
1531 948 1603 992 eum
1636 934 1807 1009 strepentes
1834 930 1948 1011 putidi

287 1022 471 1087 adelonem
491 1023 576 1104 ferre
590 1025 799 1104 nonpossint,
822 1046 892 1089 ueni
907 1027 943 1090 iu
959 1026 1069 1090 eclesia
1084 1027 1194 1091 abdira
1213 1026 1387 1105 colucnrut,
1410 1028 1528 1094 scilicet
1543 1037 1697 1111 ponentes
1715 1054 1785 1096 crem
1808 1035 1843 1097 iu
1865 1055 1944 1097 area

287 1129 317 1188 et
337 1126 471 1208 desuper
492 1129 662 1191 sternentis
682 1129 874 1205 uestimenta,
897 1149 978 1209 quac
999 1135 1091 1194 eraut
1113 1132 1157 1195 ad
1177 1153 1272 1195 umet
1294 1131 1453 1198 0001001110.
1494 1133 1638 1214 Populus
1657 1142 1763 1200 autem
1786 1138 1945 1218 lupam

283 1235 563 1312 perscrutatusque
585 1232 753 1295 universas
775 1231 903 1296 eclesia
925 1233 1072 1315 anpubs,
1100 1256 1171 1298 eura
1192 1234 1277 1299 nilsil
1297 1237 1520 1315 repperissent,
1548 1237 1697 1317 fretiricus
1719 1240 1943 1321 ureaseuarur.

289 1333 379 1397 Tarsa
404 1356 492 1398 unus
514 1356 553 1399 ea
574 1335 753 1416 suspidase
774 1334 899 1400 laertius
925 1337 989 1400 ait:
1020 1337 1075 1401 En
1096 1359 1219 1414 arcane,
1242 1339 1279 1402 iu
1300 1360 1366 1420 qua
1388 1360 1452 1404 recu
1473 1345 1518 1404 est
1540 1342 1717 1422 inarrisitus
1738 1343 1942 1408 adversarius

286 1442 399 1501 noster.
445 1437 634 1503 Dicentibns
655 1459 725 1503 scra
753 1439 929 1503 custodibus
955 1440 1038 1504 nihil
1066 1442 1102 1505 in
1130 1463 1168 1505 ea
1194 1440 1286 1505 aliud
1312 1442 1379 1506 uisi
1405 1450 1591 1507 ernarneuia
1618 1444 1746 1509 eclesiae
1775 1451 1943 1524 contenere,

289 1539 339 1603 illi
364 1539 481 1606 0100001
500 1541 665 1622 postulant
692 1542 828 1606 aientes:
858 1542 935 1608 Nisi
962 1547 1175 1610 reseraveritis
1201 1545 1348 1624 rebaris,
1380 1547 1444 1627 ipsi
1470 1567 1539 1611 cam
1566 1554 1674 1629 sponte
1701 1549 1942 1632 consdnpemus.

287 1642 442 1724 Denique,
460 1650 603 1708 reserata
617 1666 705 1722 arca,
725 1646 841 1709 amotis
856 1644 1100 1726 liutiauriuibus,
1116 1649 1278 1713 irruentum
1294 1651 1466 1715 extrabant
1476 1650 1666 1734 persedentes
1680 1658 1775 1733 01000
1790 1654 1942 1717 diceutes:

289 1746 439 1811 Tradidit
454 1747 546 1813 Deus
559 1748 725 1812 latratas-ra
739 1755 883 1813 nostram
899 1750 935 1813 iu
949 1751 1096 1815 01001100
1109 1753 1235 1815 uostris.
1277 1751 1367 1818 Tune
1382 1755 1543 1818 caedentes
1558 1776 1629 1818 euru
1644 1755 1766 1837 pupule
1780 1757 1944 1838 enseque

280 1856 517 1932 persequentes,
539 1852 654 1915 cinctis
670 1857 852 1934 posterpum
873 1854 1035 1932 manlieu,
1059 1855 1104 1919 ad
1124 1855 1297 1921 cabernam
1323 1856 1484 1938 lapidibus
1506 1858 1687 1922 abraserunt.
1732 1859 1813 1923 Fuit
1835 1866 1941 1924 aalma

286 1954 322 2017 in
347 1954 425 2017 cibes
452 1953 542 2017 arride
567 1975 680 2031 aaran,
710 1956 766 2019 sed
786 1976 868 2036 quae
893 1957 1047 2033 00000101,
1077 1978 1139 2038 quo
1161 1957 1314 2022 caetu
1341 1960 1385 2022 od
1409 1960 1669 2024 nmndueaudaru
1690 1967 1938 2040 consumserctur,

286 2062 409 2138 arrrepto
430 2057 507 2135 aloe,
531 2058 674 2123 volociter
696 2059 869 2141 ‹liperebat,·
889 2060 945 2123 sed
965 2065 995 2124 et
1015 2061 1175 2141 strepidus
1194 2054 1313 2125 omisis
1334 2062 1449 2143 absque
1468 2062 1537 2126 ulla
1558 2064 1744 2128 auditorum
1766 2066 1941 2129 reverere-ta

287 2160 322 2224 in
336 2160 466 2241 publico
487 2162 652 2227 emittebat.
697 2161 767 2226 Hac
788 2183 859 2245 erpo
883 2164 971 2227 coitu
992 2170 1227 2228 emarrurnatus
1247 2166 1380 2229 ¹interiit.
1425 2167 1520 2231 Alter
1535 2166 1659 2232 Ruricii
1682 2189 1784 2253 nepos
1806 2170 1883 2232 aviti
1908 2176 1942 2234 st

288 2268 424 2331 nominis
456 2273 489 2330 et
517 2269 726 2353 episcopatus
757 2269 853 2332 heres
883 2275 969 2332 teste
991 2268 1170 2334 Fortunato
1195 2268 1228 2334 S.
1246 2268 1337 2333 Petri
1360 2270 1537 2334 ecclesiam
1560 2270 1711 2336 condidit.
1756 2270 1853 2335 Anno
1878 2273 1940 2335 535

289 2371 423 2434 concilio
438 2370 651 2451 Arverneusi,
674 2393 703 2436 a.
718 2375 775 2435 541
796 2372 1028 2437 Aurelianensi
1045 2371 1093 2436 IV
1116 2374 1281 2449 interfuit;
1304 2395 1333 2439 a.
1347 2378 1409 2439 549
1433 2375 1665 2440 Aurelianensi
1683 2375 1713 2437 V
1734 2374 1941 2440 Bantaredus

288 2474 532 2538 archidiaconus
556 2496 615 2560 pro
638 2496 678 2539 eo
702 2475 905 2561 subscripsit.
952 2475 1052 2541 Cuius
1076 2477 1161 2540 tilius
1185 2476 1339 2542 Ruricius
1362 2477 1468 2542 iunior
1491 2478 1599 2559 luerit,
1623 2499 1686 2543 uou
1711 2484 1845 2546 constat.

392 2577 601 2642 Ruriciorum
624 2584 764 2643 stemma
787 2579 949 2644 delineari
973 2580 1092 2646 hocce:

978 2806 1123 2857 Ommatius

802 2821 820 2939 'i

651 2872 1062 2974 ——l

665 2978 790 3029 Leontius
807 2979 953 3029 Ruriciusl
970 3001 990 3024 υ
1012 2977 1096 3029 Iberia

688 3147 1270 3175 μ---ί“----κ

684 3187 828 3238 Omnmtius
863 3185 1005 3253 Epsrehius
1023 3185 1189 3238 Constantius
1207 3185 1260 3234 filiu
1277 3207 1297 3230 υ
1313 3183 1435 3249 Agricola

1284 3249 1289 3352 l

749 3361 869 3411 Ruricius
887 3361 911 3410 11
931 3374 1011 3425 ncpos
1201 3356 1357 3407 Parthenius
1376 3380 1395 3402 υ
1412 3357 1555 3423 Papianilla

1376 3546 1394 3594 Υ

391 3717 443 3781 De
474 3724 667 3804 argumento
696 3718 925 3804 epistularum,
960 3738 1043 3803 quac
1072 3716 1236 3781 advitam
1259 3715 1384 3780 Ruricii
1414 3716 1642 3803 explicandam
1671 3738 1734 3781 non
1762 3720 1938 3803 pertinent,

287 3842 389 3906 pauca
410 3820 539 3887 addam.
584 3823 768 3907 Pleraeque
793 3820 902 3886 ‘officii
928 3819 1079 3907 paginae*
1104 3822 1149 3905 (p.
1164 3822 1238 3898 273,
1255 3821 1310 3904 23)
1336 3827 1421 3897 sunt,
1445 3826 1480 3882 ut
1497 3818 1610 3884 Sedati
1626 3819 1694 3885 FA.
1714 3821 1756 3902 X,
1780 3822 1833 3885 vel
1850 3843 1937 3886 com·

285 3925 515 4003 mendaticiae,
543 3925 612 3990 sive
636 3924 767 3989 Ruricio
796 3925 945 3990 homiues
973 3925 1163 3989 laborantes
1188 3922 1514 4003 commendabantur,
1545 3931 1581 3987 ut
1604 3946 1624 3988 a
1646 3923 1770 3990 Fausto
1794 3924 1864 3992 Fu.
1889 3925 1938 3989 IV

286 4029 311 4092 is
338 4029 397 4110 qni
426 4029 463 4093 in
490 4029 698 4110 budunussi
723 4027 860 4109 pertulit
888 4028 1101 4108 captivitatem
1133 4027 1178 4112 (p.
1201 4024 1361 4109 270,13),
1396 4025 1465 4091 uA.
1489 4024 1520 4090 V
1548 4026 1737 4092 Florentius
1765 4029 1938 4114 presbyter

286 4130 329 4217 (p.
350 4135 424 4214 270,
437 4131 508 4217 38),
537 4134 620 4198 alius
643 4155 663 4198 a
686 4132 854 4197 Victorino
881 4130 950 4195 uA.
968 4130 1051 4208 VII,
1080 4131 1150 4194 sive
1180 4131 1251 4215 ipse
1279 4130 1393 4193 amicis
1424 4130 1507 4193 tales
1538 4130 1793 4212 commendavit,
1824 4133 1937 4217 quales

286 4241 357 4299 sunt
379 4234 481 4300 Ulfila
503 4236 548 4322 (p.
565 4239 639 4317 316,
652 4237 718 4321 30),
753 4234 860 4300 Ursus
891 4240 925 4299 et
951 4233 1130 4318 Lupicinus
1160 4234 1204 4318 (p.
1226 4234 1379 4318 321,20),
1409 4231 1504 4296 Baxo
1528 4235 1571 4317 (p.
1596 4235 1668 4314 329,
1688 4234 1760 4318 23),
1795 4234 1935 4320 Magnus

284 4338 417 4424 (0.344,
436 4339 498 4423 13),
522 4339 708 4403 Maxentius
731 4340 903 4424 presbyter
926 4337 972 4424 (p.
989 4337 1142 4420 347,17),
1165 4345 1201 4401 ut
1217 4358 1275 4401 cos
1296 4337 1489 4402 adiuvarent
1505 4338 1699 4423 veniamque
1723 4341 1935 4424 peccantibus

283 4442 405 4508 darent.
449 4441 568 4507 Ouram
583 4445 661 4527 egit,
684 4448 721 4507 ut
744 4443 892 4507 homines
909 4441 1059 4506 Censorii
1083 4442 1230 4527 episcopi
1254 4446 1288 4505 et
1309 4462 1329 4505 a
1352 4439 1500 4505 custodia
1521 4440 1739 4506 liberarentur
1761 4448 1795 4508 et
1817 4463 1936 4528 porcos

284 4548 421 4612 amissos
436 4547 622 4634 reciperent
638 4546 682 4633 (p.
697 4549 770 4628 345,
783 4549 849 4629 24).
885 4543 983 4610 00100
1001 4545 1189 4610 vitrearium
1207 4544 1252 4630 (p.
1269 4546 1343 4624 307,
1357 4547 1401 4626 6),
1425 4544 1584 4629 pictorem
1601 4543 1785 4610 cerauniae
1803 4544 1848 4631 (p.
1863 4548 1935 4626 323,

284 4651 336 4735 32)
360 4650 508 4716 tradidit.
551 4650 681 4736 Equum
703 4654 834 4735 praeter
858 4648 1016 4714 Sedatum
1041 4649 1140 4714 etiam
1165 4646 1282 4713 Celsus
1306 4647 1850 4736 01111110100000011(ρ.307,39).
1896 4650 1935 4713 In

283 4754 353 4820 aliis
375 4754 525 4840 epistulis
548 4754 589 4818 de
613 4753 779 4818 codicibus
803 4751 1064 4816 transmittendis
1088 4752 1140 4816 vel
1164 4750 1365 4816 transmissis
1389 4752 1507 4836 agitur.
1552 4751 1748 4816 'laurentius
1772 4751 1841 4817 ΕΑ.
1851 4753 1936 4816 VIII

284 4857 397 4924 librum
417 4858 592 4944 Augustini
615 4856 656 4920 dc
678 4857 808 4920 civitate
825 4855 878 4921 dei
896 4856 1104 4920 chartaceum
1119 4855 1294 4940 legendum
1311 4862 1407 4941 atquc
1425 4854 1707 4919 transcribendum
1731 4853 1777 4941 (p.
1794 4857 1866 4935 272,
1878 4856 1935 4941 37)

283 4959 410 5026 Ruricio
437 4962 557 5026 obtulit
579 4961 687 5045 isque,
711 4967 748 5023 ut
769 4959 898 5037 librum,
923 4960 1008 5023 sicut
1029 4960 1233 5044 promiserat,
1258 4960 1408 5024 celeriter
1430 4960 1592 5038 mitteret,
1617 4958 1744 5043 rogavit
1766 4958 1820 5043 (R.
1836 4959 1870 5023 ΙΙ
1886 4964 1935 5040 17,

283 5087 311 5151 p.
328 5068 402 5146 327,
415 5066 482 5148 35).
519 5062 560 5128 Εἰ
575 5063 735 5128 Bassulus
752 5064 926 5147 episcopus
943 5062 1044 5126 libros
1060 5063 1271 5147 praestiterat
1282 5061 1351 5128 ΡΑ.
1361 5060 1428 5124 VII
1444 5061 1489 5146 (p.
1503 5060 1649 5143 scete),
1663 5060 1734 5145 ipse
1750 5059 1934 5147 Nepotiane

284 5170 473 5255 presbytero
490 5167 635 5233 codicem
649 5167 767 5231 Hilarii
784 5166 1000 5230 Pictaviensis
1017 5165 1161 5251 episcopi
1176 5165 1341 5250 aliumque
1357 5163 1539 5229 transmisit
1553 5161 1689 5243 FANI,
1712 5162 1840 5229 Fredae
1856 5186 1934 5230 vcro

284 5268 817 5359 abietumplautas(p.306,13).
863 5268 1050 5333 Permultae
1073 5269 1235 5354 epistulae
1259 5269 1432 5353 coquinam
1455 5267 1595 5352 sapiunt.
1642 5265 1833 5333 Constantio
1856 5269 1935 5351 filio,

284 5378 333 5460 qui
361 5376 447 5463 patri
474 5396 553 5440 aves
581 5373 731 5452 dederat,
765 5379 877 5458 tergus
907 5393 1067 5458 aprunum
1098 5373 1241 5437 remisit:
1271 5378 1321 5450 ut,
1351 5372 1469 5456 inquit,
1495 5369 1572 5433 dum
1600 5389 1657 5433 nos
1682 5369 1825 5435 achillia
1853 5392 1935 5454 prae

284 5480 485 5545 summme
506 5477 703 5554 deliciamr,
730 5482 767 5541 tu
789 5478 896 5558 bipede
918 5476 956 5540 de
977 5475 1181 5558 quadrujrcde
1198 5473 1290 5559 facto
1311 5475 1440 5539 satieris
1462 5473 1516 5558 (R.
1539 5471 1573 5536 II
1597 5474 1663 5554 43).
1715 5473 1934 5541 ‘Dorsuouiae

285 5583 393 5668 spolia'
420 5581 592 5670 Hispanus
620 5581 665 5667 (p.
689 5583 763 5657 343,
779 5584 828 5666 3),
860 5581 1016 5646 Rusticus
1045 5580 1255 5666 ‘piscationis
1283 5581 1317 5643 in
1339 5579 1459 5644 Visera
1485 5575 1633 5642 delicias’
1663 5577 1707 5662 (p.
1731 5584 1804 5663 346,
1818 5581 1872 5667 27)
1903 5581 1934 5644 ei
2026 5648 2031 5657 ,

1695 5711 1726 5765 1·
