<?xml version="1.0" encoding="UTF-8"?>
<!DOCTYPE html PUBLIC "-//W3C//DTD XHTML 1.0 Transitional//EN"
    "http://www.w3.org/TR/xhtml1/DTD/xhtml1-transitional.dtd">
<html xmlns="http://www.w3.org/1999/xhtml" xml:lang="en" lang="en">
 <head>
  <title>
</title>
<meta http-equiv="Content-Type" content="text/html;charset=utf-8" />
  <meta name='ocr-system' content='tesseract 3.04.00' />
  <meta name='ocr-capabilities' content='ocr_page ocr_carea ocr_par ocr_line ocrx_word'/>
</head>
<body>
  <div class='ocr_page' id='page_1' title='image "./gaisoliiapollin00ltgoog_0437.png"; bbox 0 0 4462 6216; ppageno 0'>
   <div class='ocr_carea' id='block_1_1' title="bbox 658 337 1565 395">
    <p class='ocr_par' dir='ltr' id='par_1_1' title="bbox 658 337 1565 395">
     <span class='ocr_line' id='line_1_1' title="bbox 658 337 1565 395; baseline 0.001 -2"><span class='ocrx_word' id='word_1_1' title='bbox 658 337 1124 395; x_wconf 73' lang='grc'><strong>10010101010100100611</strong></span> <span class='ocrx_word' id='word_1_2' title='bbox 1143 339 1289 395; x_wconf 85' lang='lat' dir='ltr'>SIDONIO</span> <span class='ocrx_word' id='word_1_3' title='bbox 1310 338 1565 395; x_wconf 74' lang='lat' dir='ltr'><strong>nuuuulouuu.</strong></span> 
     </span>
    </p>
   </div>
   <div class='ocr_carea' id='block_1_2' title="bbox 542 512 1668 902">
    <p class='ocr_par' dir='ltr' id='par_1_2' title="bbox 543 512 1368 593">
     <span class='ocr_line' id='line_1_2' title="bbox 543 512 1368 593; baseline 0.001 -18"><span class='ocrx_word' id='word_1_4' title='bbox 543 512 627 575; x_wconf 85' lang='lat' dir='ltr'><strong>Statii</strong></span> <span class='ocrx_word' id='word_1_5' title='bbox 651 514 740 575; x_wconf 87' lang='lat' dir='ltr'><strong>silvae</strong></span> <span class='ocrx_word' id='word_1_6' title='bbox 762 534 819 576; x_wconf 89' lang='lat' dir='ltr'><strong>ree.</strong></span> <span class='ocrx_word' id='word_1_7' title='bbox 843 513 950 579; x_wconf 83' lang='lat' dir='ltr'><strong>Aemil.</strong></span> <span class='ocrx_word' id='word_1_8' title='bbox 973 515 1134 576; x_wconf 83' lang='lat' dir='ltr'><strong>Baehrens.</strong></span> <span class='ocrx_word' id='word_1_9' title='bbox 1180 515 1249 593; x_wconf 91' lang='lat' dir='ltr'><strong>Lps.</strong></span> <span class='ocrx_word' id='word_1_10' title='bbox 1277 515 1368 576; x_wconf 87' lang='grc'><strong>1876.</strong></span> 
     </span>
    </p>

    <p class='ocr_par' dir='ltr' id='par_1_3' title="bbox 542 615 1668 902">
     <span class='ocr_line' id='line_1_3' title="bbox 578 615 1668 696; baseline -0.001 -19"><span class='ocrx_word' id='word_1_11' title='bbox 578 664 591 691; x_wconf 88' lang='grc'><strong>,</strong></span> <span class='ocrx_word' id='word_1_12' title='bbox 644 615 784 678; x_wconf 83' lang='lat' dir='ltr'><strong>Achilleis</strong></span> <span class='ocrx_word' id='word_1_13' title='bbox 805 624 835 678; x_wconf 90' lang='lat' dir='ltr'><strong>et</strong></span> <span class='ocrx_word' id='word_1_14' title='bbox 856 616 985 678; x_wconf 89' lang='lat' dir='ltr'><strong>Thebais</strong></span> <span class='ocrx_word' id='word_1_15' title='bbox 1008 638 1065 679; x_wconf 90' lang='lat' dir='ltr'><strong>rec.</strong></span> <span class='ocrx_word' id='word_1_16' title='bbox 1088 618 1144 680; x_wconf 90' lang='lat' dir='ltr'><strong>Ph.</strong></span> <span class='ocrx_word' id='word_1_17' title='bbox 1168 618 1348 679; x_wconf 84' lang='lat' dir='ltr'><strong>Kohlmann.</strong></span> <span class='ocrx_word' id='word_1_18' title='bbox 1394 618 1463 696; x_wconf 88' lang='lat' dir='ltr'><strong>Lps.</strong></span> <span class='ocrx_word' id='word_1_19' title='bbox 1490 617 1668 678; x_wconf 78' lang='grc'><strong>1879-81,</strong></span> 
     </span>
     <span class='ocr_line' id='line_1_4' title="bbox 542 719 1332 798; baseline 0.004 -18"><span class='ocrx_word' id='word_1_20' title='bbox 542 719 712 798; x_wconf 85' lang='lat' dir='ltr'>Symmachi</span> <span class='ocrx_word' id='word_1_21' title='bbox 735 719 877 798; x_wconf 77' lang='lat' dir='ltr'><strong>epistulae</strong></span> <span class='ocrx_word' id='word_1_22' title='bbox 899 720 944 781; x_wconf 90' lang='lat' dir='ltr'><strong>ed.</strong></span> <span class='ocrx_word' id='word_1_23' title='bbox 969 720 1069 782; x_wconf 82' lang='lat' dir='ltr'><strong>Seeck.</strong></span> <span class='ocrx_word' id='word_1_24' title='bbox 1115 721 1211 784; x_wconf 91' lang='lat' dir='ltr'><strong>Berol.</strong></span> <span class='ocrx_word' id='word_1_25' title='bbox 1239 722 1332 783; x_wconf 93' lang='grc'><strong>1883.</strong></span> 
     </span>
     <span class='ocr_line' id='line_1_5' title="bbox 542 822 1546 902; baseline 0.001 -20"><span class='ocrx_word' id='word_1_26' title='bbox 542 823 661 901; x_wconf 85' lang='lat' dir='ltr'><strong>Vergilii</strong></span> <span class='ocrx_word' id='word_1_27' title='bbox 684 842 774 901; x_wconf 86' lang='lat' dir='ltr'><strong>opera</strong></span> <span class='ocrx_word' id='word_1_28' title='bbox 796 842 853 884; x_wconf 86' lang='lat' dir='ltr'><strong>rec.</strong></span> <span class='ocrx_word' id='word_1_29' title='bbox 878 822 913 884; x_wconf 91' lang='grc' dir='ltr'><strong>Ο.</strong></span> <span class='ocrx_word' id='word_1_30' title='bbox 935 822 1076 883; x_wconf 84' lang='lat' dir='ltr'><strong>Ribbeck.</strong></span> <span class='ocrx_word' id='word_1_31' title='bbox 1100 823 1137 882; x_wconf 97' lang='lat' dir='ltr'><strong>lll</strong></span> <span class='ocrx_word' id='word_1_32' title='bbox 1160 824 1227 884; x_wconf 87' lang='lat' dir='ltr'><strong>vall.</strong></span> <span class='ocrx_word' id='word_1_33' title='bbox 1273 823 1340 902; x_wconf 90' lang='lat' dir='ltr'><strong>Lps.</strong></span> <span class='ocrx_word' id='word_1_34' title='bbox 1368 824 1546 884; x_wconf 77' lang='lat' dir='ltr'><strong>lasa-oa.</strong></span> 
     </span>
    </p>
   </div>
   <div class='ocr_carea' id='block_1_3' title="bbox 283 938 1951 1623">
    <p class='ocr_par' dir='ltr' id='par_1_4' title="bbox 283 938 1951 1623">
     <span class='ocr_line' id='line_1_6' title="bbox 389 938 1949 1027; baseline -0.003 -23"><span class='ocrx_word' id='word_1_35' title='bbox 389 941 427 1004; x_wconf 93' lang='lat' dir='ltr'><strong>In</strong></span> <span class='ocrx_word' id='word_1_36' title='bbox 452 942 648 1006; x_wconf 82' lang='lat' dir='ltr'><strong>carminibus</strong></span> <span class='ocrx_word' id='word_1_37' title='bbox 672 941 813 1006; x_wconf 83' lang='lat' dir='ltr'><strong>Statium</strong></span> <span class='ocrx_word' id='word_1_38' title='bbox 836 941 892 1024; x_wconf 86' lang='lat' dir='ltr'><strong>(of.</strong></span> <span class='ocrx_word' id='word_1_39' title='bbox 910 940 976 1005; x_wconf 82' lang='lat' dir='ltr'><strong>Sid.</strong></span> <span class='ocrx_word' id='word_1_40' title='bbox 994 962 1021 1007; x_wconf 90' lang='lat' dir='ltr'><strong>o.</strong></span> <span class='ocrx_word' id='word_1_41' title='bbox 1038 940 1088 1004; x_wconf 89' lang='lat' dir='ltr'><strong>IX</strong></span> <span class='ocrx_word' id='word_1_42' title='bbox 1104 943 1166 1004; x_wconf 81' lang='lat'><strong>226</strong></span> <span class='ocrx_word' id='word_1_43' title='bbox 1183 961 1253 1026; x_wconf 91' lang='lat' dir='ltr'><strong>sqq.</strong></span> <span class='ocrx_word' id='word_1_44' title='bbox 1276 941 1378 1006; x_wconf 88' lang='lat' dir='ltr'>XXII</span> <span class='ocrx_word' id='word_1_45' title='bbox 1401 939 1483 1027; x_wconf 66' lang='lat'><strong>56),</strong></span> <span class='ocrx_word' id='word_1_46' title='bbox 1507 939 1735 1018; x_wconf 79' lang='lat' dir='ltr'><strong>Claudianum,</strong></span> <span class='ocrx_word' id='word_1_47' title='bbox 1758 938 1949 1023; x_wconf 84' lang='lat' dir='ltr'><strong>Vergilium</strong></span> 
     </span>
     <span class='ocr_line' id='line_1_7' title="bbox 284 1041 1949 1130; baseline 0 -25"><span class='ocrx_word' id='word_1_48' title='bbox 284 1043 447 1127; x_wconf 66' lang='lat' dir='ltr'><strong>(lvaqa</strong></span> <span class='ocrx_word' id='word_1_49' title='bbox 470 1050 504 1108; x_wconf 91' lang='lat' dir='ltr'><strong>et</strong></span> <span class='ocrx_word' id='word_1_50' title='bbox 527 1067 556 1108; x_wconf 96' lang='lat' dir='ltr'><strong>a.</strong></span> <span class='ocrx_word' id='word_1_51' title='bbox 573 1042 624 1129; x_wconf 90' lang='grc'><strong>1.),</strong></span> <span class='ocrx_word' id='word_1_52' title='bbox 656 1045 689 1108; x_wconf 90' lang='grc'><strong>10</strong></span> <span class='ocrx_word' id='word_1_53' title='bbox 713 1044 864 1130; x_wconf 82' lang='lat' dir='ltr'><strong>epistulis</strong></span> <span class='ocrx_word' id='word_1_54' title='bbox 887 1043 1028 1107; x_wconf 93' lang='lat' dir='ltr'><strong>Plinium</strong></span> <span class='ocrx_word' id='word_1_55' title='bbox 1050 1043 1207 1107; x_wconf 91' lang='lat' dir='ltr'><strong>iuniorem</strong></span> <span class='ocrx_word' id='word_1_56' title='bbox 1232 1042 1265 1129; x_wconf 92' lang='lat' dir='ltr'><strong>(I</strong></span> <span class='ocrx_word' id='word_1_57' title='bbox 1283 1048 1354 1122; x_wconf 86' lang='grc'><strong>1,1.</strong></span> <span class='ocrx_word' id='word_1_58' title='bbox 1377 1044 1427 1108; x_wconf 89' lang='lat' dir='ltr'><strong>IX</strong></span> <span class='ocrx_word' id='word_1_59' title='bbox 1447 1049 1504 1125; x_wconf 91' lang='grc'><strong>1,1</strong></span> <span class='ocrx_word' id='word_1_60' title='bbox 1524 1064 1571 1128; x_wconf 90' lang='lat' dir='ltr'><strong>sq.</strong></span> <span class='ocrx_word' id='word_1_61' title='bbox 1595 1042 1642 1106; x_wconf 96' lang='lat' dir='ltr'><strong>IV</strong></span> <span class='ocrx_word' id='word_1_62' title='bbox 1659 1045 1711 1117; x_wconf 76' lang='lat'><strong>22,</strong></span> <span class='ocrx_word' id='word_1_63' title='bbox 1728 1042 1762 1126; x_wconf 82' lang='lat'><strong>2)</strong></span> <span class='ocrx_word' id='word_1_64' title='bbox 1787 1048 1823 1106; x_wconf 93' lang='lat' dir='ltr'><strong>et</strong></span> <span class='ocrx_word' id='word_1_65' title='bbox 1847 1041 1949 1127; x_wconf 83' lang='lat' dir='ltr'><strong>Sym·</strong></span> 
     </span>
     <span class='ocr_line' id='line_1_8' title="bbox 283 1143 1949 1232; baseline -0.001 -23"><span class='ocrx_word' id='word_1_66' title='bbox 283 1145 435 1210; x_wconf 84' lang='lat' dir='ltr'><strong>maehum</strong></span> <span class='ocrx_word' id='word_1_67' title='bbox 458 1148 582 1232; x_wconf 63' lang='grc'><strong>(101.</strong></span> <span class='ocrx_word' id='word_1_68' title='bbox 606 1169 633 1212; x_wconf 90' lang='lat' dir='ltr'><strong>o.</strong></span> <span class='ocrx_word' id='word_1_69' title='bbox 650 1147 703 1211; x_wconf 92' lang='lat' dir='ltr'><strong>IX</strong></span> <span class='ocrx_word' id='word_1_70' title='bbox 718 1149 780 1211; x_wconf 87' lang='grc'><strong>303</strong></span> <span class='ocrx_word' id='word_1_71' title='bbox 798 1144 883 1232; x_wconf 90' lang='lat' dir='ltr'><strong>sqq.)</strong></span> <span class='ocrx_word' id='word_1_72' title='bbox 901 1145 1034 1210; x_wconf 85' lang='lat' dir='ltr'><strong>Sidonio</strong></span> <span class='ocrx_word' id='word_1_73' title='bbox 1059 1145 1231 1230; x_wconf 84' lang='lat' dir='ltr'><strong>signiferos</strong></span> <span class='ocrx_word' id='word_1_74' title='bbox 1256 1152 1353 1231; x_wconf 91' lang='lat' dir='ltr'><strong>atquo</strong></span> <span class='ocrx_word' id='word_1_75' title='bbox 1377 1149 1614 1232; x_wconf 84' lang='lat' dir='ltr'><strong>antesignanos</strong></span> <span class='ocrx_word' id='word_1_76' title='bbox 1635 1145 1738 1209; x_wconf 89' lang='lat' dir='ltr'><strong>fuisse</strong></span> <span class='ocrx_word' id='word_1_77' title='bbox 1762 1145 1795 1207; x_wconf 92' lang='lat' dir='ltr'><strong>in</strong></span> <span class='ocrx_word' id='word_1_78' title='bbox 1821 1143 1949 1209; x_wconf 91' lang='lat' dir='ltr'><strong>disser-</strong></span> 
     </span>
     <span class='ocr_line' id='line_1_9' title="bbox 284 1247 1951 1336; baseline 0 -24"><span class='ocrx_word' id='word_1_79' title='bbox 284 1250 407 1314; x_wconf 87' lang='lat' dir='ltr'><strong>tatione</strong></span> <span class='ocrx_word' id='word_1_80' title='bbox 446 1271 534 1329; x_wconf 86' lang='lat' dir='ltr'><strong>mea,</strong></span> <span class='ocrx_word' id='word_1_81' title='bbox 575 1272 658 1336; x_wconf 85' lang='lat' dir='ltr'><strong>quae</strong></span> <span class='ocrx_word' id='word_1_82' title='bbox 693 1257 744 1314; x_wconf 90' lang='lat' dir='ltr'><strong>ost</strong></span> <span class='ocrx_word' id='word_1_83' title='bbox 778 1249 818 1313; x_wconf 90' lang='grc'><strong>60</strong></span> <span class='ocrx_word' id='word_1_84' title='bbox 852 1249 1053 1334; x_wconf 82' lang='lat' dir='ltr'><strong>Apollinaris</strong></span> <span class='ocrx_word' id='word_1_85' title='bbox 1089 1247 1213 1312; x_wconf 84' lang='lat' dir='ltr'><strong>Sidonii</strong></span> <span class='ocrx_word' id='word_1_86' title='bbox 1251 1248 1368 1313; x_wconf 89' lang='lat' dir='ltr'><strong>studiis</strong></span> <span class='ocrx_word' id='word_1_87' title='bbox 1398 1250 1548 1334; x_wconf 90' lang='lat' dir='ltr'><strong>(Vratisl.</strong></span> <span class='ocrx_word' id='word_1_88' title='bbox 1582 1249 1676 1333; x_wconf 86' lang='grc'><strong>1885)</strong></span> <span class='ocrx_word' id='word_1_89' title='bbox 1711 1247 1951 1312; x_wconf 83' lang='lat' dir='ltr'><strong>demonstravi.</strong></span> 
     </span>
     <span class='ocr_line' id='line_1_10' title="bbox 285 1349 1950 1438; baseline -0.001 -24"><span class='ocrx_word' id='word_1_90' title='bbox 285 1351 439 1416; x_wconf 89' lang='lat' dir='ltr'><strong>Omnium</strong></span> <span class='ocrx_word' id='word_1_91' title='bbox 461 1354 603 1419; x_wconf 90' lang='lat' dir='ltr'><strong>maximo</strong></span> <span class='ocrx_word' id='word_1_92' title='bbox 628 1353 727 1417; x_wconf 91' lang='lat' dir='ltr'><strong>Plinii</strong></span> <span class='ocrx_word' id='word_1_93' title='bbox 751 1351 914 1416; x_wconf 88' lang='lat' dir='ltr'><strong>scribendi</strong></span> <span class='ocrx_word' id='word_1_94' title='bbox 937 1373 1042 1436; x_wconf 86' lang='lat' dir='ltr'><strong>genus</strong></span> <span class='ocrx_word' id='word_1_95' title='bbox 1066 1351 1206 1437; x_wconf 89' lang='lat' dir='ltr'><strong>scriptor</strong></span> <span class='ocrx_word' id='word_1_96' title='bbox 1223 1352 1394 1418; x_wconf 82' lang='lat' dir='ltr'><strong>Arvernus</strong></span> <span class='ocrx_word' id='word_1_97' title='bbox 1417 1354 1590 1438; x_wconf 84' lang='lat' dir='ltr'><strong>amplexus</strong></span> <span class='ocrx_word' id='word_1_98' title='bbox 1614 1357 1676 1431; x_wconf 91' lang='grc'><strong>001,</strong></span> <span class='ocrx_word' id='word_1_99' title='bbox 1698 1356 1744 1432; x_wconf 87' lang='grc'><strong>01,</strong></span> <span class='ocrx_word' id='word_1_100' title='bbox 1767 1349 1855 1414; x_wconf 90' lang='lat' dir='ltr'><strong>siout</strong></span> <span class='ocrx_word' id='word_1_101' title='bbox 1877 1349 1950 1413; x_wconf 86' lang='lat' dir='ltr'><strong>dixi</strong></span> 
     </span>
     <span class='ocr_line' id='line_1_11' title="bbox 284 1453 1950 1542; baseline -0.001 -24"><span class='ocrx_word' id='word_1_102' title='bbox 284 1455 306 1519; x_wconf 94' lang='lat' dir='ltr'><strong>l.</strong></span> <span class='ocrx_word' id='word_1_103' title='bbox 332 1476 360 1521; x_wconf 89' lang='lat' dir='ltr'><strong>o.</strong></span> <span class='ocrx_word' id='word_1_104' title='bbox 384 1478 415 1541; x_wconf 93' lang='lat' dir='ltr'><strong>p.</strong></span> <span class='ocrx_word' id='word_1_105' title='bbox 432 1459 484 1536; x_wconf 84' lang='lat'><strong>56,</strong></span> <span class='ocrx_word' id='word_1_106' title='bbox 508 1455 663 1542; x_wconf 94' lang='lat' dir='ltr'><strong>quidquid</strong></span> <span class='ocrx_word' id='word_1_107' title='bbox 686 1455 849 1541; x_wconf 90' lang='lat' dir='ltr'><strong>reperitur</strong></span> <span class='ocrx_word' id='word_1_108' title='bbox 871 1453 958 1541; x_wconf 88' lang='lat' dir='ltr'><strong>apud</strong></span> <span class='ocrx_word' id='word_1_109' title='bbox 982 1454 1150 1520; x_wconf 77' lang='lat' dir='ltr'><strong>Sidonium</strong></span> <span class='ocrx_word' id='word_1_110' title='bbox 1173 1454 1332 1520; x_wconf 88' lang='lat' dir='ltr'><strong>Plinianis</strong></span> <span class='ocrx_word' id='word_1_111' title='bbox 1356 1456 1475 1536; x_wconf 83' lang='lat' dir='ltr'><strong>simile,</strong></span> <span class='ocrx_word' id='word_1_112' title='bbox 1501 1479 1520 1521; x_wconf 91' lang='lat' dir='ltr'><strong>a</strong></span> <span class='ocrx_word' id='word_1_113' title='bbox 1542 1455 1648 1520; x_wconf 91' lang='lat' dir='ltr'><strong>Plinio</strong></span> <span class='ocrx_word' id='word_1_114' title='bbox 1671 1475 1746 1519; x_wconf 91' lang='lat' dir='ltr'><strong>eum</strong></span> <span class='ocrx_word' id='word_1_115' title='bbox 1763 1453 1950 1539; x_wconf 89' lang='lat' dir='ltr'><strong>sumpsisse</strong></span> 
     </span>
     <span class='ocr_line' id='line_1_12' title="bbox 287 1562 515 1623; baseline 0.009 -2"><span class='ocrx_word' id='word_1_116' title='bbox 287 1562 356 1621; x_wconf 89' lang='lat' dir='ltr'><strong>tuto</strong></span> <span class='ocrx_word' id='word_1_117' title='bbox 380 1563 515 1623; x_wconf 89' lang='lat' dir='ltr'><strong>statuas.</strong></span> 
     </span>
    </p>
   </div>
   <div class='ocr_carea' id='block_1_4' title="bbox 285 1675 1948 1868">
    <p class='ocr_par' dir='ltr' id='par_1_5' title="bbox 285 1675 1948 1868">
     <span class='ocr_line' id='line_1_13' title="bbox 389 1675 1948 1763; baseline -0.002 -21"><span class='ocrx_word' id='word_1_118' title='bbox 389 1679 427 1742; x_wconf 94' lang='lat' dir='ltr'><strong>In</strong></span> <span class='ocrx_word' id='word_1_119' title='bbox 452 1679 640 1744; x_wconf 89' lang='lat' dir='ltr'><strong>universum</strong></span> <span class='ocrx_word' id='word_1_120' title='bbox 665 1678 705 1743; x_wconf 92' lang='grc'><strong>60</strong></span> <span class='ocrx_word' id='word_1_121' title='bbox 729 1678 791 1742; x_wconf 91' lang='grc'><strong>1100</strong></span> <span class='ocrx_word' id='word_1_122' title='bbox 813 1699 889 1742; x_wconf 91' lang='grc'><strong>0100</strong></span> <span class='ocrx_word' id='word_1_123' title='bbox 911 1698 1011 1763; x_wconf 87' lang='lat' dir='ltr'><strong>opera</strong></span> <span class='ocrx_word' id='word_1_124' title='bbox 1028 1677 1142 1743; x_wconf 88' lang='lat' dir='ltr'><strong>eadem</strong></span> <span class='ocrx_word' id='word_1_125' title='bbox 1159 1678 1271 1742; x_wconf 89' lang='lat' dir='ltr'><strong>valent</strong></span> <span class='ocrx_word' id='word_1_126' title='bbox 1286 1699 1370 1763; x_wconf 88' lang='lat' dir='ltr'><strong>quae</strong></span> <span class='ocrx_word' id='word_1_127' title='bbox 1394 1677 1433 1741; x_wconf 94' lang='grc'><strong>60</strong></span> <span class='ocrx_word' id='word_1_128' title='bbox 1449 1678 1608 1742; x_wconf 89' lang='lat' dir='ltr'><strong>similibus</strong></span> <span class='ocrx_word' id='word_1_129' title='bbox 1624 1675 1762 1762; x_wconf 84' lang='lat' dir='ltr'><strong>syllogis</strong></span> <span class='ocrx_word' id='word_1_130' title='bbox 1778 1675 1948 1741; x_wconf 91' lang='lat' dir='ltr'><strong>omnibus:</strong></span> 
     </span>
     <span class='ocr_line' id='line_1_14' title="bbox 285 1778 1948 1868; baseline -0.001 -24"><span class='ocrx_word' id='word_1_131' title='bbox 285 1787 393 1845; x_wconf 92' lang='lat' dir='ltr'><strong>utrum</strong></span> <span class='ocrx_word' id='word_1_132' title='bbox 417 1804 460 1846; x_wconf 85' lang='lat' dir='ltr'><strong>ex</strong></span> <span class='ocrx_word' id='word_1_133' title='bbox 483 1783 555 1868; x_wconf 93' lang='lat' dir='ltr'><strong>ipso</strong></span> <span class='ocrx_word' id='word_1_134' title='bbox 580 1804 630 1862; x_wconf 85' lang='lat' dir='ltr'><strong>eo,</strong></span> <span class='ocrx_word' id='word_1_135' title='bbox 654 1803 750 1867; x_wconf 89' lang='lat' dir='ltr'><strong>quem</strong></span> <span class='ocrx_word' id='word_1_136' title='bbox 775 1781 878 1860; x_wconf 82' lang='lat' dir='ltr'><strong>attuli,</strong></span> <span class='ocrx_word' id='word_1_137' title='bbox 902 1781 1062 1867; x_wconf 88' lang='lat' dir='ltr'><strong>scriptore</strong></span> <span class='ocrx_word' id='word_1_138' title='bbox 1087 1781 1235 1845; x_wconf 87' lang='lat' dir='ltr'><strong>hauserit</strong></span> <span class='ocrx_word' id='word_1_139' title='bbox 1258 1779 1414 1859; x_wconf 85' lang='lat' dir='ltr'><strong>imitator,</strong></span> <span class='ocrx_word' id='word_1_140' title='bbox 1438 1802 1480 1844; x_wconf 91' lang='grc'><strong>00</strong></span> <span class='ocrx_word' id='word_1_141' title='bbox 1504 1802 1547 1844; x_wconf 86' lang='lat' dir='ltr'><strong>ex</strong></span> <span class='ocrx_word' id='word_1_142' title='bbox 1570 1781 1635 1844; x_wconf 88' lang='lat' dir='ltr'><strong>alio</strong></span> <span class='ocrx_word' id='word_1_143' title='bbox 1658 1779 1754 1844; x_wconf 91' lang='lat' dir='ltr'><strong>hodie</strong></span> <span class='ocrx_word' id='word_1_144' title='bbox 1770 1778 1948 1864; x_wconf 90' lang='lat' dir='ltr'><strong>deperdito</strong></span> 
     </span>
    </p>
   </div>
   <div class='ocr_carea' id='block_1_5' title="bbox 284 1886 1951 2488">
    <p class='ocr_par' dir='ltr' id='par_1_6' title="bbox 284 1886 1951 2284">
     <span class='ocr_line' id='line_1_15' title="bbox 286 1886 1951 1972; baseline 0.001 -25"><span class='ocrx_word' id='word_1_145' title='bbox 286 1906 360 1948; x_wconf 89' lang='lat' dir='ltr'><strong>oum</strong></span> <span class='ocrx_word' id='word_1_146' title='bbox 385 1908 485 1972; x_wconf 90' lang='lat' dir='ltr'><strong>saepe</strong></span> <span class='ocrx_word' id='word_1_147' title='bbox 509 1886 643 1951; x_wconf 93' lang='lat' dir='ltr'><strong>dubium</strong></span> <span class='ocrx_word' id='word_1_148' title='bbox 667 1893 781 1967; x_wconf 83' lang='lat' dir='ltr'><strong>restet,</strong></span> <span class='ocrx_word' id='word_1_149' title='bbox 806 1888 869 1952; x_wconf 91' lang='lat' dir='ltr'><strong>hoc</strong></span> <span class='ocrx_word' id='word_1_150' title='bbox 894 1887 1056 1952; x_wconf 87' lang='lat' dir='ltr'><strong>contendo</strong></span> <span class='ocrx_word' id='word_1_151' title='bbox 1074 1886 1216 1953; x_wconf 90' lang='lat' dir='ltr'><strong>eundem</strong></span> <span class='ocrx_word' id='word_1_152' title='bbox 1242 1887 1351 1951; x_wconf 91' lang='lat' dir='ltr'><strong>locum</strong></span> <span class='ocrx_word' id='word_1_153' title='bbox 1376 1888 1441 1951; x_wconf 91' lang='lat' dir='ltr'><strong>iam</strong></span> <span class='ocrx_word' id='word_1_154' title='bbox 1465 1893 1563 1951; x_wconf 91' lang='lat' dir='ltr'><strong>autea</strong></span> <span class='ocrx_word' id='word_1_155' title='bbox 1580 1887 1658 1950; x_wconf 92' lang='lat' dir='ltr'><strong>item</strong></span> <span class='ocrx_word' id='word_1_156' title='bbox 1676 1890 1853 1949; x_wconf 82' lang='lat' dir='ltr'><strong>tractatum</strong></span> <span class='ocrx_word' id='word_1_157' title='bbox 1871 1906 1951 1949; x_wconf 88' lang='lat' dir='ltr'><strong>esse</strong></span> 
     </span>
     <span class='ocr_line' id='line_1_16' title="bbox 284 1987 1944 2077; baseline 0 -26"><span class='ocrx_word' id='word_1_158' title='bbox 284 1988 317 2052; x_wconf 90' lang='lat' dir='ltr'><strong>id</strong></span> <span class='ocrx_word' id='word_1_159' title='bbox 341 1988 428 2074; x_wconf 91' lang='lat' dir='ltr'><strong>quod</strong></span> <span class='ocrx_word' id='word_1_160' title='bbox 445 2011 494 2059; x_wconf 88' lang='grc'><strong>,00</strong></span> <span class='ocrx_word' id='word_1_161' title='bbox 517 1989 647 2076; x_wconf 92' lang='lat' dir='ltr'><strong>dignius</strong></span> <span class='ocrx_word' id='word_1_162' title='bbox 673 1996 724 2064; x_wconf 88' lang='grc'><strong>001</strong></span> <span class='ocrx_word' id='word_1_163' title='bbox 747 1998 929 2056; x_wconf 88' lang='grc'><strong>1001001010</strong></span> <span class='ocrx_word' id='word_1_164' title='bbox 958 2011 1021 2075; x_wconf 92' lang='lat' dir='ltr'><strong>quo</strong></span> <span class='ocrx_word' id='word_1_165' title='bbox 1046 1990 1179 2077; x_wconf 88' lang='lat' dir='ltr'><strong>saepius</strong></span> <span class='ocrx_word' id='word_1_166' title='bbox 1203 1991 1256 2055; x_wconf 82' lang='lat' dir='ltr'><strong>vel</strong></span> <span class='ocrx_word' id='word_1_167' title='bbox 1280 1990 1401 2056; x_wconf 89' lang='grc'><strong>0011100</strong></span> <span class='ocrx_word' id='word_1_168' title='bbox 1425 1989 1512 2055; x_wconf 90' lang='lat' dir='ltr'><strong>idem</strong></span> <span class='ocrx_word' id='word_1_169' title='bbox 1535 1996 1650 2056; x_wconf 88' lang='lat' dir='ltr'><strong>auctor</strong></span> <span class='ocrx_word' id='word_1_170' title='bbox 1673 1987 1841 2074; x_wconf 82' lang='lat' dir='ltr'><strong>expilatus</strong></span> <span class='ocrx_word' id='word_1_171' title='bbox 1865 2009 1944 2052; x_wconf 90' lang='lat' dir='ltr'><strong>esse</strong></span> 
     </span>
     <span class='ocr_line' id='line_1_17' title="bbox 285 2091 1944 2179; baseline 0.001 -24"><span class='ocrx_word' id='word_1_172' title='bbox 285 2091 458 2160; x_wconf 83' lang='lat' dir='ltr'><strong>invenitur.</strong></span> <span class='ocrx_word' id='word_1_173' title='bbox 509 2093 563 2158; x_wconf 81' lang='lat' dir='ltr'><strong>Sic</strong></span> <span class='ocrx_word' id='word_1_174' title='bbox 597 2093 638 2158; x_wconf 91' lang='grc'><strong>06</strong></span> <span class='ocrx_word' id='word_1_175' title='bbox 671 2095 874 2159; x_wconf 89' lang='lat' dir='ltr'><strong>subtiliorem</strong></span> <span class='ocrx_word' id='word_1_176' title='bbox 907 2095 1089 2158; x_wconf 88' lang='lat' dir='ltr'><strong>litterarum</strong></span> <span class='ocrx_word' id='word_1_177' title='bbox 1119 2094 1274 2159; x_wconf 90' lang='lat' dir='ltr'><strong>historiae</strong></span> <span class='ocrx_word' id='word_1_178' title='bbox 1303 2093 1453 2158; x_wconf 88' lang='lat' dir='ltr'><strong>notitiam</strong></span> <span class='ocrx_word' id='word_1_179' title='bbox 1484 2093 1712 2179; x_wconf 89' lang='lat' dir='ltr'><strong>perveniemus</strong></span> <span class='ocrx_word' id='word_1_180' title='bbox 1741 2091 1944 2177; x_wconf 89' lang='lat' dir='ltr'><strong>penitusque</strong></span> 
     </span>
     <span class='ocr_line' id='line_1_18' title="bbox 284 2196 1193 2284; baseline 0.003 -25"><span class='ocrx_word' id='word_1_181' title='bbox 284 2196 542 2283; x_wconf 88' lang='lat' dir='ltr'><strong>uniuscuiusque</strong></span> <span class='ocrx_word' id='word_1_182' title='bbox 567 2198 735 2283; x_wconf 88' lang='lat' dir='ltr'><strong>scriptoris</strong></span> <span class='ocrx_word' id='word_1_183' title='bbox 757 2197 995 2284; x_wconf 88' lang='lat' dir='ltr'><strong>perspiciemus</strong></span> <span class='ocrx_word' id='word_1_184' title='bbox 1018 2198 1193 2282; x_wconf 88' lang='lat' dir='ltr'><strong>ingenium.</strong></span> 
     </span>
    </p>

    <p class='ocr_par' dir='ltr' id='par_1_7' title="bbox 287 2315 1944 2488">
     <span class='ocr_line' id='line_1_19' title="bbox 389 2315 1944 2401; baseline -0.001 -21"><span class='ocrx_word' id='word_1_185' title='bbox 389 2317 497 2383; x_wconf 88' lang='lat' dir='ltr'><strong>Locos</strong></span> <span class='ocrx_word' id='word_1_186' title='bbox 527 2318 592 2382; x_wconf 93' lang='lat' dir='ltr'><strong>iam</strong></span> <span class='ocrx_word' id='word_1_187' title='bbox 624 2318 657 2382; x_wconf 91' lang='lat' dir='ltr'><strong>in</strong></span> <span class='ocrx_word' id='word_1_188' title='bbox 686 2317 781 2382; x_wconf 92' lang='lat' dir='ltr'><strong>huius</strong></span> <span class='ocrx_word' id='word_1_189' title='bbox 810 2317 962 2383; x_wconf 89' lang='lat' dir='ltr'><strong>editionis</strong></span> <span class='ocrx_word' id='word_1_190' title='bbox 993 2316 1200 2383; x_wconf 87' lang='lat' dir='ltr'><strong>adnotatione</strong></span> <span class='ocrx_word' id='word_1_191' title='bbox 1238 2338 1296 2383; x_wconf 91' lang='lat' dir='ltr'><strong>suo</strong></span> <span class='ocrx_word' id='word_1_192' title='bbox 1329 2318 1399 2383; x_wconf 89' lang='lat' dir='ltr'><strong>looo</strong></span> <span class='ocrx_word' id='word_1_193' title='bbox 1431 2317 1557 2382; x_wconf 88' lang='lat' dir='ltr'><strong>adlatos</strong></span> <span class='ocrx_word' id='word_1_194' title='bbox 1589 2315 1722 2380; x_wconf 79' lang='lat' dir='ltr'><strong>distinxi</strong></span> <span class='ocrx_word' id='word_1_195' title='bbox 1750 2315 1944 2401; x_wconf 86' lang='lat' dir='ltr'><strong>praeposito</strong></span> 
     </span>
     <span class='ocr_line' id='line_1_20' title="bbox 287 2424 459 2488; baseline 0.006 -2"><span class='ocrx_word' id='word_1_196' title='bbox 287 2424 459 2488; x_wconf 84' lang='lat' dir='ltr'><strong>asterisco.</strong></span> 
     </span>
    </p>
   </div>
   <div class='ocr_carea' id='block_1_6' title="bbox 393 2625 1486 2716">
    <p class='ocr_par' dir='ltr' id='par_1_8' title="bbox 393 2625 1486 2716">
     <span class='ocr_line' id='line_1_21' title="bbox 393 2625 1486 2716; baseline -0.002 -22"><span class='ocrx_word' id='word_1_197' title='bbox 393 2629 518 2716; x_wconf 84' lang='lat' dir='ltr'><strong>Scripsi</strong></span> <span class='ocrx_word' id='word_1_198' title='bbox 541 2627 804 2693; x_wconf 86' lang='lat' dir='ltr'><strong>Vratislaviae</strong></span> <span class='ocrx_word' id='word_1_199' title='bbox 827 2627 875 2692; x_wconf 89' lang='lat' dir='ltr'><strong>IV</strong></span> <span class='ocrx_word' id='word_1_200' title='bbox 899 2633 978 2692; x_wconf 87' lang='lat' dir='ltr'><strong>ante</strong></span> <span class='ocrx_word' id='word_1_201' title='bbox 1000 2626 1050 2691; x_wconf 93' lang='lat' dir='ltr'><strong>Id.</strong></span> <span class='ocrx_word' id='word_1_202' title='bbox 1070 2626 1144 2691; x_wconf 89' lang='lat' dir='ltr'><strong>Oot.</strong></span> <span class='ocrx_word' id='word_1_203' title='bbox 1160 2648 1190 2691; x_wconf 88' lang='lat' dir='ltr'><strong>a.</strong></span> <span class='ocrx_word' id='word_1_204' title='bbox 1207 2625 1239 2690; x_wconf 91' lang='lat' dir='ltr'><strong>b.</strong></span> <span class='ocrx_word' id='word_1_205' title='bbox 1256 2649 1282 2693; x_wconf 91' lang='lat' dir='ltr'><strong>s.</strong></span> <span class='ocrx_word' id='word_1_206' title='bbox 1297 2626 1486 2693; x_wconf 88' lang='lat' dir='ltr'><strong>LXXXVI.</strong></span> 
     </span>
    </p>
   </div>
   <div class='ocr_carea' id='block_1_7' title="bbox 1411 2961 1841 3063">
    <p class='ocr_par' dir='ltr' id='par_1_9' title="bbox 1411 2961 1841 3063">
     <span class='ocr_line' id='line_1_22' title="bbox 1411 2961 1841 3063; baseline -0.007 -17"><span class='ocrx_word' id='word_1_207' title='bbox 1411 2962 1629 3063; x_wconf 81' lang='lat' dir='ltr'><strong>ungamus</strong></span> <span class='ocrx_word' id='word_1_208' title='bbox 1656 2961 1841 3044; x_wconf 78' lang='grc'><strong>6010101.</strong></span> 
     </span>
    </p>
   </div>
   <div class='ocr_carea' id='block_1_8' title="bbox 0 0 2236 6213">
    <p class='ocr_par' dir='ltr' id='par_1_10' title="bbox 0 0 2236 6213">
     <span class='ocr_line' id='line_1_23' title="bbox 0 0 2236 6213; baseline 0 0"><span class='ocrx_word' id='word_1_209' title='bbox 0 0 2236 6213; x_wconf 95' lang='lat' dir='ltr'><strong> </strong></span> 
     </span>
    </p>
   </div>
  </div>
 </body>
</html>
