4462 6216
820 367 928 425 creas
945 370 980 434 11,
1005 367 1071 424 xxi
1089 371 1105 438 s
1124 368 1138 422 1
1157 399 1190 409 -
1208 368 1301 425 xxm
1319 370 1336 437 s
1353 370 1377 431 e.

1035 628 1161 695 XXIII.

462 781 639 846 DOMINO
662 780 1017 849 DEVINOTISSIMO
1042 782 1312 857 SEMPERQUE
1336 780 1588 848 Muunlrrco
1611 780 1731 847 VERO

851 885 1068 952 RURIOIUS
1091 886 1347 954 EPISOOPUS.

380 1003 549 1097 Ruuscrrs
578 1031 696 1096 litteris
727 1031 858 1117 pietatis
886 1037 1033 1115 restrae,
1068 1034 1192 1118 gratias
1223 1033 1284 1098 deo
1313 1034 1382 1119 egi,
1417 1031 1502 1118 quod
1529 1053 1588 1097 sos
1618 1032 1708 1118 prius
1737 1031 1917 1095 revaluisse
1952 1034 1965 1092 1

235 1152 247 1189 ⁵
274 1158 372 1222 quam
401 1136 580 1200 infirmatos
611 1157 686 1200 esse
715 1156 827 1200 earum
856 1135 1016 1200 relatione
1045 1137 1190 1221 cognovi.
1235 1135 1322 1221 quod
1345 1135 1436 1200 vobis
1464 1143 1531 1200 tam
1560 1135 1750 1220 frequenter
1771 1134 1918 1198 accidere

276 1240 416 1326 propitio
439 1239 548 1324 potius
580 1237 641 1303 deo
669 1258 767 1322 quam
795 1238 920 1303 offenso
947 1238 1090 1322 confide,
1121 1240 1198 1324 quia
1224 1261 1335 1324 quem
1364 1239 1506 1323 diligit
1535 1238 1713 1303 dominus
1743 1237 1917 1323 corripit,

273 1343 446 1427 castigat
468 1349 597 1407 autem
620 1362 772 1405 omnem
794 1342 925 1405 filium
949 1363 1067 1430 quem
1089 1343 1244 1431 recipit.
1286 1343 1319 1406 in
1342 1342 1485 1406 divinam
1507 1343 1618 1426 itaque
1634 1362 1692 1405 vos
1715 1340 1918 1425 disciplinam
1950 1342 1970 1403 2

275 1451 445 1529 susceptos
481 1444 596 1510 sedula
628 1444 806 1510 admonitio
840 1452 873 1509 et
908 1446 994 1510 mitis
1030 1445 1188 1528 ostendit,
1222 1447 1298 1531 quia
1330 1452 1469 1531 patema
1501 1443 1675 1510 clementia
1707 1443 1831 1507 mavult
1861 1464 1920 1529 per

273 1549 463 1613 multimoda
487 1549 691 1613 incommoda
713 1549 944 1634 neglegentem
972 1549 1134 1634 corrigere
1163 1549 1264 1612 filium
1291 1570 1386 1634 quam
1417 1549 1532 1634 punire
1560 1551 1765 1633 peccantem,
1795 1546 1919 1610 mavult

223 1667 247 1704 ¹⁰
273 1660 442 1718 nutantem
475 1675 514 1717 ac
548 1652 681 1717 dubium
705 1652 746 1716 ad
770 1653 936 1717 servitium
969 1673 1062 1717 suum
1097 1652 1234 1719 habenis
1265 1653 1340 1739 piae
1367 1653 1598 1718 moderationis
1626 1651 1790 1716 attrahere
1814 1663 1917 1735 'quam

275 1756 493 1821 errabundum
518 1764 551 1822 et
573 1778 633 1842 per
654 1756 777 1820 saeculi
799 1757 992 1843 praecipitia
1015 1758 1198 1843 lapsantem
1225 1757 1350 1821 acriore
1373 1756 1511 1822 verbere
1539 1756 1724 1820 cohercere.
1769 1754 1840 1839 ipse
1869 1759 1919 1818 est
1950 1755 1969 1817 3

273 1861 360 1925 enim
390 1860 692 1944 indulgentissimus
720 1859 969 1946 paterfamilias,
998 1861 1054 1945 qui
1082 1861 1222 1924 animam
1251 1880 1344 1924 suam
1374 1859 1466 1946 pouit
1494 1879 1552 1945 pro
1582 1858 1698 1923 ovibus
1722 1859 1801 1923 suis.
1846 1859 1917 1943 ipse
2000 1877 2003 1883 ·

273 1969 322 2029 est
354 1964 459 2027 bonus
494 1967 619 2049 pastor,
655 1963 710 2047 qui
744 1983 839 2028 ovem
869 1962 1030 2049 perditam
1057 1962 1100 2027 ad
1127 1964 1237 2028 caulas
1267 1960 1445 2026 dominicas
1477 1962 1602 2026 mavult
1631 1961 1768 2047 propriis
1797 1962 1918 2025 umeris
1967 2027 1969 2032 ,

273 2074 440 2151 reportare
464 2067 622 2130 sollicitus
646 2086 743 2151 quam
768 2066 907 2130 stimulis
930 2065 1124 2151 urgentibus
1147 2087 1303 2130 revocare
1327 2066 1512 2131 destrictus.
1557 2067 1627 2152 ipse
1651 2073 1701 2130 est
1723 2071 1817 2151 pater
1832 2065 1917 2150 pius,
1949 2068 1969 2127 4
1996 2100 2000 2107 ·

222 2185 245 2222 1⁵
272 2170 326 2254 qui
342 2169 427 2233 male
449 2169 585 2255 prodigo
607 2169 674 2232 filio
698 2174 731 2233 et
754 2176 951 2254 praeceptae
975 2169 1177 2235 substantiae
1201 2168 1364 2234 decoctori
1387 2169 1428 2233 ad
1451 2191 1486 2233 se
1510 2170 1561 2233 vel
1585 2190 1658 2233 sero
1681 2167 1830 2232 redeunti
1853 2189 1917 2231 nou

273 2272 376 2336 solum
399 2273 533 2337 crimine
556 2272 720 2336 anteriora
742 2293 807 2336 uon
830 2272 983 2358 imputat,
1012 2273 1247 2353 verumetiam
1278 2273 1424 2359 praemia
1454 2274 1574 2337 amissa
1602 2272 1811 2358 multiplicat,
1842 2270 1917 2334 dum

271 2377 355 2440 ulnis
378 2376 475 2458 fovet,
501 2377 619 2441 osculis
641 2377 830 2462 permulcet,
854 2375 1042 2439 muneribus
1066 2375 1157 2452 ditat,
1181 2375 1328 2441 doctriua
1350 2376 1527 2456 confirmat,
1550 2397 1614 2439 non
1637 2380 1763 2439 tautum
1787 2373 1829 2438 ad
1846 2375 1916 2437 eius

271 2479 456 2563 indignatus
494 2479 700 2560 abscessum,
741 2484 897 2564 quantum
934 2478 1075 2543 laetatus
1114 2477 1156 2543 ad
1193 2479 1342 2544 reditum.
1399 2481 1470 2566 ipse
1505 2480 1590 2545 enim
1626 2478 1768 2543 omnium
1802 2476 1917 2541 horum
1950 2480 1968 2538 5

272 2584 438 2647 nominum
462 2583 495 2646 in
518 2604 554 2647 se
578 2583 715 2648 effectus
737 2583 939 2667 affectusque
957 2583 1110 2668 suscepit,
1133 2589 1178 2664 ut,
1200 2584 1285 2647 sicut
1305 2583 1384 2648 dicit
1399 2582 1576 2670 spostolus,
1598 2581 1773 2645 multifarie
1791 2580 1917 2644 multis·

218 2699 244 2737 ²⁰
270 2708 332 2771 que
354 2686 458 2750 modis
480 2707 539 2750 nos
563 2685 707 2750 erudiret
728 2685 851 2767 serbis,
875 2686 1050 2751 instrueret
1073 2685 1270 2773 disciplinis,
1301 2692 1492 2772 provocaret
1514 2685 1698 2764 beneficiis,
1728 2684 1918 2748 informaret

271 2790 445 2875 exemplis,
480 2788 707 2854 reconciliaret
739 2809 854 2875 prece,
894 2788 1070 2854 redimeret
1102 2789 1271 2876 passione,
1304 2789 1483 2854 vivificaret
1515 2795 1633 2869 morte,
1673 2788 1916 2852 immortalitate

270 2891 421 2969 donaret,
451 2892 643 2957 iustificaret
672 2893 925 2973 resurrectione,
948 2893 1141 2957 ascensione
1163 2899 1313 2978 portaret
1335 2901 1369 2958 et
1391 2893 1619 2958 reconciliatos
1641 2913 1701 2978 per
1724 2891 1916 2976 sanguinem

270 3016 364 3059 suum
388 2995 421 3059 iu
443 3016 517 3059 cam
538 3017 558 3059 a
580 3016 644 3079 qua
666 2993 894 3061 excideramus
917 2996 1020 3081 patris
1050 2996 1188 3082 gratiam
1217 2996 1419 3064 reformaret.
1463 2997 1549 3083 ipse
1581 2996 1687 3061 euim
1718 3000 1780 3060 est
1810 2993 1916 3079 apud
1948 2996 1967 3056 6

270 3107 433 3185 patrem
461 3098 692 3184 propitiatio
722 3104 868 3180 nostra,
899 3099 970 3166 siue
998 3099 1179 3164 cessatione
1202 3120 1383 3185 suggerens
1405 3099 1522 3186 pietati
1545 3118 1640 3164 suae:
1674 3110 1809 3184 pater,
1838 3118 1916 3162 non

231 3217 242 3253 ⁵
269 3203 391 3266 solum
420 3222 487 3286 pro
517 3201 583 3265 his
616 3222 724 3286 roge,
761 3200 828 3268 sed
860 3223 928 3288 pro
962 3202 1025 3266 his
1059 3202 1126 3287 qui
1156 3202 1344 3269 credituri
1374 3210 1466 3268 sunt
1496 3203 1536 3267 in
1565 3222 1624 3267 me
1655 3222 1723 3288 per
1752 3200 1916 3264 verbum

269 3306 443 3370 illorum.
480 3310 605 3390 pater,
628 3306 728 3386 volo,
751 3311 809 3387 ut,
832 3304 896 3370 uhi
919 3325 988 3390 ege
1011 3326 1105 3388 sum,
1128 3305 1265 3392 stipsi
1288 3307 1367 3371 sint
1388 3327 1542 3372 mecum.
1587 3311 1712 3392 pater,
1740 3305 1916 3389 ignosce

269 3409 374 3490 illis,
408 3408 592 3472 nesciunt
626 3409 733 3473 euim
766 3408 863 3494 quid
897 3409 1075 3475 faciunt.
1127 3410 1198 3496 ipse
1230 3409 1321 3474 nobis
1355 3408 1473 3474 cotidie
1507 3430 1567 3495 per
1600 3408 1783 3494 apostolum
1817 3427 1912 3471 suum
1947 3409 1965 3469 7

269 3512 400 3576 clamat:
431 3511 558 3576 nolite
585 3511 761 3596 diligere
789 3510 972 3576 mundum
999 3531 1128 3598 neque
1157 3533 1202 3578 ea
1231 3533 1327 3600 quae
1354 3513 1394 3576 in
1424 3510 1562 3576 mundo
1586 3517 1695 3587 sunt;
1724 3511 1789 3596 qui
1811 3510 1916 3575 enim

269 3615 411 3700 diligit
437 3613 631 3696 mundum,
663 3636 740 3680 non
769 3622 834 3680 est
862 3616 1009 3680 caritas
1037 3615 1224 3703 patriciu
1247 3637 1307 3690 eo;
1339 3615 1435 3703 quia
1457 3635 1568 3679 omne
1593 3613 1692 3699 quod
1713 3614 1752 3677 in
1775 3611 1916 3678 mundo

269 3725 330 3781 est
360 3717 691 3804 concupiscentia
719 3719 859 3784 carnis
888 3726 929 3784 et
951 3722 1287 3807 coucupiscentia
1309 3721 1507 3787 oculorum
1529 3725 1571 3786 et
1594 3718 1787 3804 superbia
1809 3719 1915 3783 vitae

268 3820 478 3902 humanae,
508 3841 604 3905 quae
631 3841 706 3885 nen
734 3828 795 3886 est
823 3820 870 3885 de
899 3828 1032 3908 patre,
1063 3823 1131 3888 sed
1160 3823 1207 3889 de
1230 3824 1378 3890 mundo
1401 3830 1473 3890 est.
1517 3829 1556 3889 et
1578 3821 1743 3887 mundus
1765 3821 1933 3887 transit

269 3930 310 3989 et
343 3923 677 4009 concupiscentia
713 3923 824 3999 eius;
860 3925 924 4009 qui
961 3931 1088 3992 autem
1126 3927 1273 3993 fecerit
1301 3929 1556 3993 voluntatem
1590 3925 1674 4008 dei,
1711 3931 1845 3991 manet
1877 3925 1916 3988 in

267 4036 491 4109 aeternum,
524 4029 608 4093 sicut
637 4036 669 4092 et
696 4027 776 4092 deus
804 4037 916 4095 manet
942 4031 977 4094 in
1009 4037 1191 4096 aeteruum.
1235 4032 1307 4118 ipse
1335 4032 1368 4095 in
1395 4029 1565 4116 evaugelio
1591 4028 1758 4094 blanditiis
1788 4027 1915 4107 invitet,
1947 4029 1967 4091 8

267 4131 455 4196 muneribus
486 4139 657 4217 provocat,
691 4130 917 4196 adhortatione
948 4132 1118 4215 sollicitat,
1148 4132 1274 4199 dicens:
1308 4134 1452 4199 venite
1486 4131 1532 4197 ad
1566 4152 1641 4214 me,
1675 4151 1813 4196 ornnes
1846 4131 1916 4216 qui

267 4237 458 4302 laboratis
479 4243 519 4300 et
538 4236 702 4301 onerati
722 4237 827 4301 estis
849 4236 1033 4321 etreliqua,
1049 4243 1086 4301 ut
1101 4237 1193 4322 quasi
1208 4238 1320 4323 iugum
1335 4273 1404 4301 m-
1420 4232 1814 4321 salutaribus'suhdentes
1831 4232 1914 4296 colla

269 4340 453 4426 praeceptis
471 4338 605 4403 salutari
622 4359 680 4403 suo
697 4341 804 4404 currui
821 4339 1043 4425 subiugemus.
1083 4346 1116 4406 et
1137 4339 1211 4406 ideo
1227 4340 1445 4406 deliberemus
1461 4343 1669 4403 revocantem
1686 4337 1788 4422 sequi,
1804 4334 1915 4400 audire

269 4444 478 4525 clamantem,
509 4441 732 4513 blandientem
762 4442 858 4508 mode
893 4463 959 4507 uon
989 4463 1160 4530 spernere,
1188 4430 1230 4509 ne
1259 4445 1438 4509 sentiamus
1467 4439 1674 4528 postmodum
1704 4437 1913 4503 iudicantem.

269 4565 331 4630 quc
360 4545 494 4625 iudicio,
537 4544 623 4610 sicut
651 4545 722 4629 ipse
752 4545 785 4608 in
815 4539 985 4631 evangelio
1015 4567 1230 4633 praemonere
1267 4552 1301 4613 et
1329 4546 1447 4612 docere
1479 4545 1631 4630 dignatus
1663 4550 1728 4628 est,
1762 4561 1847 4606 cum
1874 4541 1914 4604 in
1947 4543 1966 4604 9

372 4751 614 4816 6P1·0v.111‚12.
701 4750 939 4816 sciebamus
1027 4753 1060 4806 13
1078 4752 1143 4806 Luc.
1162 4752 1221 4817 XV,
1239 4754 1265 4807 b.
1353 4749 1607 4815 menstruae.
1695 4748 1727 4802 19
1746 4747 1829 4803 Hebr.
1847 4747 1869 4812 I,
1888 4750 1911 4801 1.

269 4835 303 4888 23
321 4835 341 4889 Ι.
355 4836 449 4890 Ioaun.
469 4836 503 4900 ΙΙ,
521 4838 546 4891 2.
632 4836 667 4890 24
685 4836 781 4894 Ioaun.
800 4837 887 4902 XVII,
905 4837 947 4892 20.
1034 4839 1069 4893 26
1086 4839 1182 4894 Ioanu.
1199 4838 1287 4904 XVII,
1305 4839 1347 4894 24.
1400 4837 1464 4892 Luc.
1483 4835 1584 4902 XXIII,
1602 4836 1643 4891 34.
1731 4834 1912 4889 281.Ioann.

274 4921 308 4986 lI,
328 4923 437 4977 15-17.
523 4923 558 4977 34
575 4923 675 4977 Matth.
694 4923 742 4987 XI,
759 4924 802 4978 28.
888 4924 922 4977 38
939 4923 1041 4978 Matth.
1058 4924 1132 4991 XIX,
1149 4925 1202 4980 28.

370 5058 612 5114 2deuictissimoG
705 5060 722 5113 4
740 5064 835 5114 relictis
849 5060 883 5127 G,
900 5064 958 5116 irem
975 5064 1050 5132 infre
1063 5063 1148 5129 Insa
1243 5060 1436 5116 haeeedereG
1527 5058 1695 5130 VrecepitG
1751 5063 1865 5113 diuinam
1878 5089 1911 5098 -

271 5145 442 5214 disciplinam]
461 5149 618 5216 laigoberto,
641 5150 731 5201 diuina
747 5177 781 5185 —
799 5146 979 5216 disciplinaG
1093 5147 1237 5218 8mcuult]
1256 5168 1299 5202 ma
1315 5167 1335 5202 r.
1354 5151 1371 5202 l.
1391 5146 1433 5202 (3¹
1548 5147 1582 5199 10
1601 5149 1699 5200 hahens
1718 5144 1745 5198 G
1824 5145 1912 5214 quam]

267 5250 342 5284 uersu
365 5243 469 5285 nauata
493 5252 541 5286 cm.
560 5235 597 5298 θ,
619 5236 703 5301 suppl.
722 5234 843 5302 Basaegc
964 5234 998 5289 14
1019 5234 1164 5304 destrictus]
1183 5238 1346 5305 Ldtjchoaa,
1368 5237 1495 5289 districtos
1514 5231 1540 5287 G
1661 5232 1694 5286 15
1712 5233 1777 5285 male
1795 5231 1912 5301 prodigo]

268 5320 394 5383 Uesuius,
407 5321 473 5371 mals
491 5337 536 5387 pro
549 5317 600 5384 6¹,
617 5321 685 5371 malo
702 5317 745 5371 G²
803 5318 961 5389 praeceptae]
976 5318 1028 5388 θ’,
1045 5331 1179 5392 perceptae
1192 5321 1244 5390 θ’,
1265 5326 1298 5392 cf.
1312 5341 1393 5391 srcprc
1405 5341 1435 5390 p.
1448 5325 1509 5387 300,
1527 5323 1544 5372 l.
1558 5323 1592 5372 38
1686 5316 1719 5370 lt
1736 5337 1874 5372 ueruerum
1888 5317 1913 5370 G

265 5403 300 5455 23
317 5408 499 5458 excederemus
518 5403 544 5456 G
651 5405 686 5458 34
708 5408 856 5460 adoratione
875 5404 927 5472 6¹,
943 5408 1100 5462 adornatione
1118 5407 1162 5462 G'
1270 5410 1305 5463 35
1322 5409 1436 5462 honerati
1457 5408 1480 5458 G
1538 5407 1659 5474 suppleas
1676 5405 1751 5457 nohis
1768 5422 1831 5457 suaa
1848 5406 1911 5457 leni·

267 5493 327 5542 tetis
346 5494 466 5560 imponat,
486 5498 516 5542 ut
533 5508 564 5543 es
581 5492 691 5558 epistula
710 5491 795 5558 11AE
897 5491 932 5545 36
949 5496 1024 5546 curui
1044 5492 1084 5561 G,
1102 5513 1180 5549 causa
1197 5498 1347 5550 humilitatis
1365 5505 1391 5548 st
1407 5495 1523 5546 miseriae
1540 5511 1553 5544 e
1570 5492 1672 5559 regimus
1689 5492 1765 5542 Ιιιιὶιιι
1781 5508 1868 5543 veruta
1885 5492 1913 5542 ἱιι

265 5595 315 5643 mg.
333 5579 395 5628 cdd.
416 5574 474 5629 6²:
498 5580 532 5645 cs.
550 5579 738 5645 iasrap.336,
755 5580 817 5630 125
889 5579 1071 5648 subiugemus]
1090 5581 1241 5650 Mommsen,
1264 5585 1450 5651 subiungcmus
1470 5578 1523 5646 θ’,
1540 5580 1721 5646 sublungimus
1740 5576 1783 5630 θ’
1857 5579 1914 5630 ideo

271 5663 453 5730 deliberemus]
472 5666 622 5730 Mommsen,
640 5666 696 5716 idco
714 5664 758 5732 (su
775 5684 795 5719 s.
814 5667 832 5717 1.
852 5663 905 5736 θ’)
917 5668 1034 5721 daremus
1053 5665 1078 5720 G

1657 5782 1713 5837 42*
