4462 6216
896 343 1178 411 uso-mss.

1004 689 1067 754 Ill.

315 845 493 911 DOMINO
517 842 873 909 DEVINC'PISSIMO
897 842 955 906 ΕΤ
976 841 1164 907 ΗΟΝΟΒΕ
1188 843 1446 909 PRAEOIPUO
1470 843 1768 910 SPEOIALITER

600 945 876 1012 EXOOLENDO
900 943 1088 1010 RURIOIO
1112 945 1235 1010 FILIO
1258 945 1472 1014 FAUSTUS.

319 1067 471 1162 Gaxrrxs
500 1096 644 1174 domino,
676 1096 731 1178 qui
759 1093 791 1158 id
818 1093 964 1178 generali
993 1091 1235 1179 dispensatione
1267 1093 1404 1178 largitus
1430 1100 1495 1175 est,
1526 1102 1563 1159 ιιι
1592 1095 1756 1160 intereos
1780 1115 1862 1179 quos
1898 1097 1911 1156 l

173 1218 185 1256 ι
215 1203 361 1266 locorum
392 1201 563 1265 interualla
596 1198 819 1262 discriminant
847 1196 931 1262 liber
960 1218 999 1260 ac
1031 1197 1129 1261 nullis
1164 1197 1336 1262 conclusus
1370 1198 1540 1263 absentiae
1573 1198 1702 1283 legibus
1735 1198 1862 1263 animus

217 1313 418 1370 commearet
440 1303 584 1388 nihilque
609 1308 697 1365 esset
720 1308 786 1365 tam
809 1301 1071 1386 impenetrabile,
1095 1298 1181 1385 quod
1207 1302 1325 1365 mentis
1347 1303 1537 1388 aspectibus
1561 1322 1625 1366 non
1642 1308 1780 1387 pateret,
1804 1300 1862 1366 sed

215 1429 273 1496 per
297 1408 403 1472 cordis
426 1409 576 1471 intuitum
599 1405 674 1469 inde
699 1426 734 1468 se
758 1405 899 1468 invicem
915 1404 992 1481 cari,
1016 1404 1123 1489 gratia
1138 1404 1386 1484 intercurrente,
1410 1406 1648 1492 conspicerent,
1671 1405 1728 1470 ubi
1746 1406 1863 1469 caritas

214 1514 287 1599 ipsa
310 1512 467 1576 consistit.
512 1509 614 1574 habet
637 1508 799 1593 siquidem
823 1515 856 1571 et
878 1508 1012 1571 interior
1035 1513 1144 1570 noster
1166 1506 1278 1570 oculos
1302 1528 1397 1585 suos,
1429 1509 1546 1594 quibus
1578 1531 1613 1574 se
1643 1509 1863 1574 conscientiae
1895 1511 1914 1571 2

214 1616 308 1681 testis
342 1615 539 1701 introspicit,
572 1614 690 1698 quibus
721 1614 753 1676 in
782 1633 818 1675 se
846 1632 1022 1676 conversus
1052 1617 1108 1674 aut
1136 1609 1361 1677 erubescenda
1391 1618 1448 1675 aut
1469 1611 1643 1697 gaudenda
1665 1611 1863 1687 considerat,

163 1735 189 1775 1⁰
218 1720 334 1806 quibus
357 1719 443 1782 diem
464 1718 613 1780 ultimum
637 1715 801 1802 pervidet,
826 1715 943 1800 quibus
966 1714 1017 1777 vel
1041 1713 1266 1778 confusibilem
1289 1716 1356 1792 rel,
1381 1715 1442 1781 deo
1465 1717 1645 1797 tribuente,
1669 1716 1865 1782 laudabilem

217 1825 304 1888 vitae
331 1823 431 1886 totius
455 1822 625 1885 historiam
648 1828 723 1885 ante
747 1820 875 1883 animae
900 1839 977 1882 suae
1001 1817 1118 1882 faciem
1142 1817 1278 1902 provida
1300 1818 1332 1882 in
1348 1819 1491 1884 futurum
1508 1822 1706 1904 cogitatione
1722 1820 1865 1908 disponit

218 1933 251 1991 et
266 1927 299 1989 in
317 1925 536 2011 praesentiam
554 1923 700 2008 trepidae
719 1921 943 1986 sollicitudinis
967 1928 1096 2007 tempus
1119 1920 1307 1986 reddendae
1331 1923 1465 1987 rationis
1489 1923 1621 1988 adducit
1644 1930 1677 1988 et
1700 1945 1739 1989 ea
1755 1945 1865 2009 quae

216 2032 371 2116 paravit
406 2029 498 2092 deus
534 2027 805 2111 diligentibus
840 2047 881 2088 se
915 2027 947 2088 in
981 2032 1107 2088 secreta
1140 2026 1279 2109 pectoris
1313 2027 1363 2089 sui
1396 2027 1529 2112 pagina,
1564 2048 1622 2113 spe
1654 2028 1864 2112 imaginante,

217 2135 375 2222 depingit.
422 2152 514 2217 quos,
538 2137 574 2193 ut
598 2138 686 2216 puto,
710 2129 821 2192 oculos
845 2138 878 2192 et
901 2129 971 2215 ipse
993 2128 1035 2192 ad
1058 2128 1218 2193 tremendi
1245 2129 1359 2194 iudicis
1383 2137 1496 2195 nutum
1521 2153 1651 2217 semper
1673 2131 1806 2212 attollis,
1829 2137 1866 2195 ut
1898 2133 1916 2195 3

164 2254 188 2291 1⁵
216 2238 257 2303 de
281 2247 314 2302 te
338 2236 417 2300 illud
440 2234 667 2321 propheticum
690 2233 805 2297 merito
830 2231 892 2296 dici
915 2232 1034 2318 possit:
1066 2231 1266 2318 sapientis
1295 2233 1398 2297 oculi
1429 2236 1466 2299 in
1490 2236 1618 2321 capite
1642 2235 1742 2299 eius.
1788 2232 1863 2299 inde
1898 2239 1916 2297 4

216 2348 277 2423 est,
294 2340 452 2403 -habeo
467 2339 553 2402 enim
569 2337 634 2400 illic
650 2336 735 2400 filios
751 2357 842 2401 meos
858 2335 1041 2422 proditores
1056 2341 1131 2400 tuos
1145 2373 1196 2416 —,
1213 2336 1288 2401 inde
1305 2345 1365 2416 est,
1382 2339 1524 2424 inquam,
1541 2338 1627 2424 quod
1642 2339 1865 2424 praesentium

217 2467 326 2511 rerum
356 2443 568 2529 relinquenda
609 2439 754 2506 subsidia
787 2440 880 2526 quasi
910 2438 1024 2504 avidus
1057 2439 1222 2504 fenerator
1252 2461 1311 2528 per
1341 2443 1447 2528 pretia
1486 2443 1689 2530 captivorum
1727 2443 1759 2506 in
1791 2442 1864 2506 sinu

218 2548 469 2614 remuneratoris
494 2545 683 2609 seminantis
708 2565 797 2607 more
821 2543 1044 2617 commendas,
1076 2542 1115 2606 de
1140 2565 1201 2608 usu
1225 2548 1457 2631 proprietatem
1479 2548 1561 2612 facis
1585 2555 1618 2611 et
1640 2548 1674 2612 in
1702 2568 1865 2633 perennes

216 2653 390 2717 thesauros
413 2652 559 2736 peritura
582 2648 755 2712 convertis,
794 2647 868 2711 inde
891 2656 952 2723 cst,
976 2647 1060 2732 quod
1085 2669 1159 2711 cum
1182 2647 1372 2713 fidelissima
1392 2649 1491 2715 Sarra
1513 2658 1571 2717 tua
1587 2652 1647 2715 sub
1664 2672 1729 2715 uno
1746 2650 1869 2714 Christi
1898 2653 1917 2711 5

164 2770 191 2810 ιι)
220 2756 295 2839 iugc
324 2753 364 2817 ad
395 2773 598 2817 communem
627 2751 734 2815 tendis
767 2772 932 2828 coronam,
966 2758 1168 2815 terrenorum
1199 2752 1371 2837 despector
1394 2760 1426 2816 et
1449 2755 1638 2820 caelestium
1662 2755 1866 2840 competitor,

216 2859 338 2923 saeculi
362 2858 553 2944 peregrinus
577 2863 609 2918 et
632 2854 774 2940 paradisi
797 2854 998 2932 candidatus,
1022 2854 1142 2918 mundo
1163 2856 1249 2930 huic,
1273 2856 1327 2940 qui
1343 2857 1408 2920 iam
1423 2878 1487 2921 non
1504 2857 1605 2922 habet
1620 2857 1707 2922 unde
1723 2857 1866 2944 decipiat
1951 2887 1957 2896 ·

217 2962 270 3026 vel
299 2960 449 3040 seducat,
480 2960 573 3022 miles
597 2957 717 3021 Christi
740 2963 886 3022 secretus
918 2956 1052 3033 inludis;
1084 2979 1156 3021 cum
1181 2960 1271 3043 regni
1295 2960 1547 3025 interminabilis
1571 2963 1660 3025 socia
1683 2961 1810 3026 ieiuniis
1834 2967 1867 3026 et

219 3065 419 3130 orationihus
445 3071 478 3127 ct
501 3062 640 3148 quadam
663 3061 740 3125 fidei
763 3082 861 3126 manu
885 3062 1015 3125 ianuam
1039 3061 1124 3125 vitae
1147 3063 1202 3148 pia
1225 3063 1454 3127 coniuratione*
1469 3065 1622 3150 pulsatis,
1645 3071 1681 3128 ut
1704 3063 1867 3151 duplicem

218 3169 360 3255 palmam
391 3167 431 3231 de
462 3173 574 3229 mutua
606 3166 711 3229 salute
743 3165 888 3251 capiatis.
939 3163 997 3228 sed
1025 3165 1109 3228 inter
1137 3165 1220 3229 haee
1251 3188 1365 3253 parum
1396 3174 1462 3245 est,
1496 3168 1649 3254 quicquid
1680 3169 1798 3253 agitur,
1831 3175 1867 3231 ut
1900 3170 1919 3229 (1

165 3287 190 3327 2⁵
221 3293 339 3336 causae
371 3270 567 3334 insanabiles
598 3270 649 3332 hic
679 3275 844 3341 sanentur,
877 3274 913 3331 ut
940 3267 1222 3352 inexstinguibiles
1249 3270 1342 3354 ignes
1372 3271 1423 3335 hic
1457 3273 1719 3358 exstinguantur,
1754 3279 1790 3334 ut
1819 3272 1867 3334 in-

219 3375 410 3438 eluctabiles
435 3374 648 3438 necessitates
674 3373 724 3436 bie
749 3379 953 3458 superentur,
977 3380 1012 3437 ut
1035 3373 1087 3437 hic
1103 3381 1314 3460 peccatorum
1331 3376 1470 3461 sagittae
1488 3377 1528 3441 de
1545 3377 1672 3442 animae
1688 3376 1868 3440 visceribus

219 3483 411 3559 evellantur,
442 3486 477 3542 ut
506 3479 558 3542 hic
587 3479 722 3542 uulnera
750 3478 830 3564 ipsis
863 3479 929 3542 alte
958 3477 1109 3543 medullis
1134 3480 1294 3566 impressa
1318 3487 1482 3558 curentur,
1514 3487 1550 3544 ut
1573 3481 1625 3546 hic
1647 3482 1795 3547 maculae
1818 3482 1868 3545 in·

220 3585 364 3650 visibiles
387 3582 560 3655 diluantur,
583 3590 619 3645 ut
643 3581 695 3645 hic
719 3589 853 3646 aeterna
875 3581 997 3666 gaudia
1020 3582 1163 3648 fidelium
1189 3583 1369 3649 studiorum
1391 3584 1504 3650 labore
1528 3592 1767 3670 comparentur.
1812 3587 1868 3649 illa

220 3689 349 3776 quidem
374 3689 442 3751 vita
464 3687 642 3771 praemium
666 3687 760 3749 istius
784 3687 855 3768 erit,
880 3685 937 3750 sed
961 3693 1097 3772 oportet,
1122 3694 1158 3752 ut
1180 3688 1266 3752 illius
1289 3690 1353 3753 ista
1376 3689 1418 3754 sit
1441 3689 1592 3775 pretium.
1627 3689 1782 3774 praelatis
1806 3690 1867 3752 ita·
1903 3691 1920 3752 7

167 3808 193 3847 ³⁰
223 3815 285 3879 que
309 3791 481 3876 obsequiis,
505 3811 637 3875 quaeso,
661 3797 696 3853 ut
719 3811 792 3853 cum
816 3811 851 3854 se
875 3791 1013 3854 facultas
1038 3798 1220 3878 opportune
1243 3791 1443 3878 praebuerit,
1466 3791 1611 3877 gaudere
1627 3814 1685 3857 nos
1702 3792 1743 3857 de
1759 3799 1869 3857 restra

222 3899 380 3984 sospitate
409 3917 447 3959 ac
476 3895 678 3980 proprietate
707 3893 848 3959 faciatis.
892 3915 950 3978 pro
978 3894 1055 3957 filiis
1085 3901 1118 3958 et
1141 3894 1331 3959 diaconibus
1355 3897 1436 3961 meis
1460 3896 1579 3962 uberes
1603 3897 1709 3962 refero
1733 3897 1867 3981 gratias.

222 4000 387 4065 dominam
410 3998 510 4062 filiam
533 4018 641 4061 meam
663 3997 831 4081 religionis
855 3997 1023 4083 speculum
1048 4005 1081 4062 ot
1103 3997 1234 4083 pietatis
1258 4001 1445 4087 exemplum
1463 3999 1573 4065 debito
1590 4001 1679 4064 cultu
1695 4007 1870 4064 veneratus

222 4105 338 4169 saluto.
383 4102 531 4165 dominus
555 4100 635 4164 deus
660 4108 771 4164 noster
801 4099 1068 4183 magnificandam
1099 4100 1177 4164 mihi
1206 4101 1385 4166 bonitatem
1408 4110 1550 4168 vestram
1581 4110 1615 4169 et
1641 4102 1869 4191 praesentibus
1902 4103 1921 4164 8

222 4209 347 4295 repleat
368 4206 462 4271 bonis
493 4211 526 4268 ot
555 4203 685 4288 dignam
716 4202 832 4268 reddat
862 4204 1021 4283 aeternis,
1053 4203 1182 4269 domine
1212 4205 1456 4270 devinctissime
1484 4214 1517 4272 et
1544 4207 1665 4271 honore
1693 4207 1870 4294 praecipuo

169 4329 194 4367 ³⁵
225 4312 411 4401 specialiter
434 4309 615 4374 excolende
639 4309 693 4372 fili.

221 4467 632 4480 .---—--——-——-

325 4590 358 4641 12
376 4589 396 4642 Ι.
416 4588 475 4641 Cor.
495 4587 529 4651 ll,
549 4587 573 4638 c.
679 4584 711 4638 15
728 4581 802 4639 Eccl.
821 4583 855 4647 II,
875 4583 916 4638 14.

327 4742 408 4811 llll]
427 4743 606 4810 inerpretatio
619 4743 707 4794 καί]
796 4739 1004 4793 2deuictiasirno
1023 4756 1050 4792 re
1067 4740 1227 4809 precipqu
1313 4739 1437 4796 4tratias
1449 4761 1516 4796 corr.
1528 4745 1623 4813 gratias
1638 4744 1676 4796 0¹
1729 4745 1825 4812 gratim
1840 4771 1870 4780 -

225 4831 384 4899 8consiatlt]
404 4832 525 4882 Ruricius
542 4848 581 4896 cp.
595 4830 680 4895 11‚10
697 4838 720 4881 et
738 4829 780 4893 II,
799 4832 832 4879 52
849 4829 981 4894 moipait
1083 4827 1302 4880 bdiscrimantG
1405 4828 1574 4899 6peteret0
1676 4828 1746 4898 Sat]
1764 4849 1785 4881 a.
1798 4832 1815 4882 l.
1831 4831 1871 4882 (1ι

224 4919 258 4971 10
274 4920 422 4987 peruidittr'
513 4915 545 4967 12
562 4917 784 4968 sollicitudinesG
837 4916 986 4968 rationesG
1038 4917 1092 4984 qG
1180 4912 1213 4966 14
1230 4912 1332 4983 numm]
1351 4919 1450 4984 scripsi,
1468 4926 1555 4971 notum
1572 4919 1603 4982 G,
1620 4920 1740 4971 thronum
1755 4919 1873 4970 Caaiaius

224 5005 257 5057 16
281 5002 372 5071 habeo]
393 5005 492 5070 scripsi,
513 5006 576 5055 abeo
597 5005 619 5055 (ι
695 5004 761 5054 tilios
780 5000 860 5069 meos]
880 5003 979 5069 scripsi,
1000 5003 1069 5053 filius
1091 5005 1130 5054 nur
1150 5002 1182 5065 G,
1203 5003 1273 5054 lilius
1291 5012 1372 5055 mater
1391 5005 1517 5069 Canities,
1540 5007 1576 5056 fili
1595 5006 1629 5056 mi
1647 5006 1711 5057 coci.
1731 5005 1872 5056 Mommsen

225 5090 258 5143 18
275 5092 394 5159 perennis
415 5092 437 5139 (l
555 5087 590 5140 20
606 5090 738 5141 tandosG
816 5090 960 5156 conpatitur
981 5089 1004 5139 0
1115 5085 1150 5138 22
1167 5089 1312 5141 inludesG
1423 5090 1458 5143 23
1476 5090 1512 5159 et]
1534 5093 1565 5154 0,
1588 5093 1630 5143 siti
1647 5092 1712 5143 coci.
1731 5092 1873 5143 Mommsen

222 5180 257 5234 25
282 5182 485 5247 inextinguibilis
508 5182 575 5248 ignis
599 5182 622 5233 0
757 5177 791 5230 26
814 5179 1030 5231 ineluctabilisG
1173 5175 1207 5228 27
1230 5177 1332 5230 macula
1356 5179 1379 5229 ei
1402 5179 1538 5230 inuisibilis
1559 5179 1581 5228 G
1717 5176 1753 5229 28
1776 5173 1872 5244 labore]

223 5284 251 5319 re
273 5268 389 5329 sublata,
411 5268 471 5318 bore
492 5285 524 5318 m.
551 5283 600 5317 rec.
625 5266 686 5316 aaa.
708 5265 731 5316 G
835 5262 888 5332 illa]
911 5266 947 5329 G,
975 5266 1027 5317 illic
1052 5265 1170 5316 cantaro
1306 5262 1342 5316 32
1365 5266 1483 5317 domnum
1505 5266 1528 5317 G
1631 5265 1703 5316 deb&
1727 5264 1829 5316 occultu
1851 5264 1874 5316 (1

223 5353 257 5407 33
275 5355 488 5422 magnificandum
510 5355 533 5405 G
636 5351 670 5404 34
687 5354 860 5405 deuictiosime
881 5353 905 5404 G
1708 5349 1709 5352 ’
