<?xml version="1.0" encoding="UTF-8"?>
<!DOCTYPE html PUBLIC "-//W3C//DTD XHTML 1.0 Transitional//EN"
    "http://www.w3.org/TR/xhtml1/DTD/xhtml1-transitional.dtd">
<html xmlns="http://www.w3.org/1999/xhtml" xml:lang="en" lang="en">
 <head>
  <title>
</title>
<meta http-equiv="Content-Type" content="text/html;charset=utf-8" />
  <meta name='ocr-system' content='tesseract 3.04.00' />
  <meta name='ocr-capabilities' content='ocr_page ocr_carea ocr_par ocr_line ocrx_word'/>
</head>
<body>
  <div class='ocr_page' id='page_1' title='image "./gaisoliiapollin00ltgoog_0142.png"; bbox 0 0 4462 6216; ppageno 0'>
   <div class='ocr_carea' id='block_1_1' title="bbox 799 344 1835 419">
    <p class='ocr_par' dir='ltr' id='par_1_1' title="bbox 799 344 1835 419">
     <span class='ocr_line' id='line_1_1' title="bbox 799 344 1835 419; baseline 0.016 -21"><span class='ocrx_word' id='word_1_1' title='bbox 799 344 904 400; x_wconf 79' lang='lat' dir='ltr'>nisan</span> <span class='ocrx_word' id='word_1_2' title='bbox 926 347 972 415; x_wconf 80' lang='lat' dir='ltr'>iv,</span> <span class='ocrx_word' id='word_1_3' title='bbox 990 349 1066 419; x_wconf 71' lang='lat' dir='ltr'>asa</span> <span class='ocrx_word' id='word_1_4' title='bbox 1086 377 1115 387; x_wconf 86' lang='lat'>-</span> <span class='ocrx_word' id='word_1_5' title='bbox 1135 348 1216 415; x_wconf 72' lang='lat' dir='ltr'>esa</span> <span class='ocrx_word' id='word_1_6' title='bbox 1795 355 1835 415; x_wconf 76' lang='lat' dir='ltr'>ar</span> 
     </span>
    </p>
   </div>
   <div class='ocr_carea' id='block_1_2' title="bbox 137 502 1890 2056">
    <p class='ocr_par' dir='ltr' id='par_1_2' title="bbox 184 502 1837 918">
     <span class='ocr_line' id='line_1_2' title="bbox 185 502 1837 606; baseline 0.015 -41"><span class='ocrx_word' id='word_1_7' title='bbox 185 522 258 566; x_wconf 91' lang='lat' dir='ltr'>cum</span> <span class='ocrx_word' id='word_1_8' title='bbox 282 502 343 569; x_wconf 93' lang='lat' dir='ltr'>hoe</span> <span class='ocrx_word' id='word_1_9' title='bbox 372 507 475 579; x_wconf 83' lang='lat' dir='ltr'>seria,</span> <span class='ocrx_word' id='word_1_10' title='bbox 504 532 603 596; x_wconf 83' lang='lat' dir='ltr'><strong>saepe</strong></span> <span class='ocrx_word' id='word_1_11' title='bbox 632 513 730 578; x_wconf 89' lang='lat' dir='ltr'>etiam</span> <span class='ocrx_word' id='word_1_12' title='bbox 761 517 834 582; x_wconf 92' lang='lat' dir='ltr'>ioca</span> <span class='ocrx_word' id='word_1_13' title='bbox 858 520 990 594; x_wconf 85' lang='lat' dir='ltr'>nriscui;</span> <span class='ocrx_word' id='word_1_14' title='bbox 1023 544 1162 606; x_wconf 89' lang='lat' dir='ltr'>eumque</span> <span class='ocrx_word' id='word_1_15' title='bbox 1190 521 1309 586; x_wconf 82' lang='lat' dir='ltr'>abhinc</span> <span class='ocrx_word' id='word_1_16' title='bbox 1336 527 1424 586; x_wconf 90' lang='lat' dir='ltr'>retro</span> <span class='ocrx_word' id='word_1_17' title='bbox 1454 523 1591 588; x_wconf 84' lang='lat' dir='ltr'>iuvenes</span> <span class='ocrx_word' id='word_1_18' title='bbox 1622 545 1770 602; x_wconf 89' lang='lat' dir='ltr'>eramus,</span> <span class='ocrx_word' id='word_1_19' title='bbox 1804 525 1837 589; x_wconf 89' lang='lat' dir='ltr'>in</span> 
     </span>
     <span class='ocr_line' id='line_1_3' title="bbox 184 605 1835 712; baseline 0.015 -44"><span class='ocrx_word' id='word_1_20' title='bbox 184 605 253 690; x_wconf 91' lang='lat' dir='ltr'>pila</span> <span class='ocrx_word' id='word_1_21' title='bbox 274 606 309 670; x_wconf 90' lang='lat' dir='ltr'>in</span> <span class='ocrx_word' id='word_1_22' title='bbox 331 611 484 689; x_wconf 75' lang='lat' dir='ltr'>tesseris,</span> <span class='ocrx_word' id='word_1_23' title='bbox 508 614 646 679; x_wconf 89' lang='lat' dir='ltr'>saltibus</span> <span class='ocrx_word' id='word_1_24' title='bbox 670 639 785 701; x_wconf 89' lang='lat' dir='ltr'>eursu,</span> <span class='ocrx_word' id='word_1_25' title='bbox 809 631 928 689; x_wconf 87' lang='lat' dir='ltr'>venatu</span> <span class='ocrx_word' id='word_1_26' title='bbox 953 633 1065 691; x_wconf 90' lang='lat' dir='ltr'>natatu</span> <span class='ocrx_word' id='word_1_27' title='bbox 1090 633 1205 691; x_wconf 91' lang='lat' dir='ltr'>saneta</span> <span class='ocrx_word' id='word_1_28' title='bbox 1228 647 1360 712; x_wconf 91' lang='lat' dir='ltr'>semper</span> <span class='ocrx_word' id='word_1_29' title='bbox 1382 625 1558 703; x_wconf 91' lang='lat' dir='ltr'>ambobus,</span> <span class='ocrx_word' id='word_1_30' title='bbox 1582 627 1659 711; x_wconf 94' lang='lat' dir='ltr'>quia</span> <span class='ocrx_word' id='word_1_31' title='bbox 1681 634 1835 693; x_wconf 90' lang='lat' dir='ltr'>manente</span> 
     </span>
     <span class='ocr_line' id='line_1_4' title="bbox 185 709 1836 808; baseline 0.015 -38"><span class='ocrx_word' id='word_1_32' title='bbox 185 709 338 789; x_wconf 89' lang='lat' dir='ltr'>caritate,</span> <span class='ocrx_word' id='word_1_33' title='bbox 366 715 542 782; x_wconf 89' lang='lat' dir='ltr'>cententio.</span> <span class='ocrx_word' id='word_1_34' title='bbox 592 720 671 784; x_wconf 92' lang='lat' dir='ltr'>mihi</span> <span class='ocrx_word' id='word_1_35' title='bbox 701 723 830 807; x_wconf 90' lang='lat' dir='ltr'>quidem</span> <span class='ocrx_word' id='word_1_36' title='bbox 859 729 964 794; x_wconf 79' lang='lat' dir='ltr'>naaior</span> <span class='ocrx_word' id='word_1_37' title='bbox 991 730 1045 794; x_wconf 93' lang='lat' dir='ltr'>hie</span> <span class='ocrx_word' id='word_1_38' title='bbox 1074 736 1170 803; x_wconf 86' lang='lat' dir='ltr'>natu,</span> <span class='ocrx_word' id='word_1_39' title='bbox 1199 736 1324 793; x_wconf 89' lang='lat' dir='ltr'>tantum</span> <span class='ocrx_word' id='word_1_40' title='bbox 1354 735 1481 808; x_wconf 89' lang='lat' dir='ltr'>tamen,</span> <span class='ocrx_word' id='word_1_41' title='bbox 1515 735 1551 794; x_wconf 92' lang='lat' dir='ltr'>ut</span> <span class='ocrx_word' id='word_1_42' title='bbox 1584 751 1658 794; x_wconf 89' lang='lat' dir='ltr'>eum</span> <span class='ocrx_word' id='word_1_43' title='bbox 1682 750 1747 794; x_wconf 90' lang='lat' dir='ltr'>non</span> <span class='ocrx_word' id='word_1_44' title='bbox 1770 739 1836 794; x_wconf 90' lang='lat' dir='ltr'>tam</span> 
     </span>
     <span class='ocr_line' id='line_1_5' title="bbox 186 811 1837 918; baseline 0.014 -43"><span class='ocrx_word' id='word_1_45' title='bbox 186 811 338 878; x_wconf 89' lang='lat' dir='ltr'>honorari</span> <span class='ocrx_word' id='word_1_46' title='bbox 361 837 500 884; x_wconf 87' lang='lat' dir='ltr'>necesse</span> <span class='ocrx_word' id='word_1_47' title='bbox 525 831 614 888; x_wconf 89' lang='lat' dir='ltr'>esset</span> <span class='ocrx_word' id='word_1_48' title='bbox 638 846 733 910; x_wconf 91' lang='lat' dir='ltr'>quam</span> <span class='ocrx_word' id='word_1_49' title='bbox 759 827 939 895; x_wconf 89' lang='lat' dir='ltr'>delectaret</span> <span class='ocrx_word' id='word_1_50' title='bbox 963 833 1097 901; x_wconf 87' lang='lat' dir='ltr'>imitari:</span> <span class='ocrx_word' id='word_1_51' title='bbox 1122 832 1217 896; x_wconf 91' lang='lat' dir='ltr'>simul</span> <span class='ocrx_word' id='word_1_52' title='bbox 1241 839 1275 897; x_wconf 89' lang='lat' dir='ltr'>ct</span> <span class='ocrx_word' id='word_1_53' title='bbox 1297 833 1369 918; x_wconf 90' lang='lat' dir='ltr'>ipse</span> <span class='ocrx_word' id='word_1_54' title='bbox 1387 832 1460 896; x_wconf 90' lang='lat' dir='ltr'>hine</span> <span class='ocrx_word' id='word_1_55' title='bbox 1477 831 1618 916; x_wconf 91' lang='lat' dir='ltr'>amplius</span> <span class='ocrx_word' id='word_1_56' title='bbox 1635 831 1837 917; x_wconf 78' lang='lat' dir='ltr'>capiebatur,</span> 
     </span>
    </p>

    <p class='ocr_par' dir='ltr' id='par_1_3' title="bbox 146 914 1884 1435">
     <span class='ocr_line' id='line_1_6' title="bbox 146 914 1833 1030; baseline 0.015 -56"><span class='ocrx_word' id='word_1_57' title='bbox 146 936 159 972; x_wconf 73' lang='lat' dir='ltr'>s</span> <span class='ocrx_word' id='word_1_58' title='bbox 184 914 269 1030; x_wconf 80' lang='lat' dir='ltr'>qued</span> <span class='ocrx_word' id='word_1_59' title='bbox 292 937 328 981; x_wconf 90' lang='lat' dir='ltr'>se</span> <span class='ocrx_word' id='word_1_60' title='bbox 351 916 443 1004; x_wconf 82' lang='lat' dir='ltr'>diligi</span> <span class='ocrx_word' id='word_1_61' title='bbox 466 925 570 1009; x_wconf 90' lang='lat' dir='ltr'>magis</span> <span class='ocrx_word' id='word_1_62' title='bbox 586 949 683 1013; x_wconf 90' lang='lat' dir='ltr'>quam</span> <span class='ocrx_word' id='word_1_63' title='bbox 700 932 793 1015; x_wconf 91' lang='lat' dir='ltr'>quasi</span> <span class='ocrx_word' id='word_1_64' title='bbox 809 934 871 998; x_wconf 90' lang='lat' dir='ltr'>celi</span> <span class='ocrx_word' id='word_1_65' title='bbox 890 935 1112 1021; x_wconf 82' lang='lat' dir='ltr'>intellegebat.</span> <span class='ocrx_word' id='word_1_66' title='bbox 1152 936 1210 1001; x_wconf 89' lang='lat' dir='ltr'>sed</span> <span class='ocrx_word' id='word_1_67' title='bbox 1227 944 1385 1022; x_wconf 87' lang='lat' dir='ltr'>provectu</span> <span class='ocrx_word' id='word_1_68' title='bbox 1401 935 1518 1000; x_wconf 91' lang='lat' dir='ltr'>aetatis</span> <span class='ocrx_word' id='word_1_69' title='bbox 1544 942 1577 1000; x_wconf 93' lang='lat' dir='ltr'>et</span> <span class='ocrx_word' id='word_1_70' title='bbox 1602 936 1717 1000; x_wconf 92' lang='lat' dir='ltr'>militia</span> <span class='ocrx_word' id='word_1_71' title='bbox 1734 936 1833 1001; x_wconf 90' lang='lat' dir='ltr'>cleri-</span> 
     </span>
     <span class='ocr_line' id='line_1_7' title="bbox 183 1018 1884 1134; baseline 0.013 -54"><span class='ocrx_word' id='word_1_72' title='bbox 183 1018 255 1134; x_wconf 79' lang='lat' dir='ltr'>cali,</span> <span class='ocrx_word' id='word_1_73' title='bbox 278 1040 352 1084; x_wconf 89' lang='lat' dir='ltr'>eum</span> <span class='ocrx_word' id='word_1_74' title='bbox 374 1031 464 1089; x_wconf 89' lang='lat' dir='ltr'>esset</span> <span class='ocrx_word' id='word_1_75' title='bbox 486 1029 637 1094; x_wconf 88' lang='lat' dir='ltr'>amabilis</span> <span class='ocrx_word' id='word_1_76' title='bbox 660 1035 759 1118; x_wconf 91' lang='lat' dir='ltr'>prius,</span> <span class='ocrx_word' id='word_1_77' title='bbox 783 1037 893 1122; x_wconf 91' lang='lat' dir='ltr'>eoepit</span> <span class='ocrx_word' id='word_1_78' title='bbox 916 1037 1012 1104; x_wconf 91' lang='lat' dir='ltr'>medo</span> <span class='ocrx_word' id='word_1_79' title='bbox 1036 1061 1111 1104; x_wconf 91' lang='lat' dir='ltr'>esse</span> <span class='ocrx_word' id='word_1_80' title='bbox 1134 1039 1344 1105; x_wconf 85' lang='lat' dir='ltr'>venerabilis.</span> <span class='ocrx_word' id='word_1_81' title='bbox 1389 1061 1449 1125; x_wconf 88' lang='lat' dir='ltr'>per</span> <span class='ocrx_word' id='word_1_82' title='bbox 1471 1039 1557 1103; x_wconf 92' lang='lat' dir='ltr'>hunc</span> <span class='ocrx_word' id='word_1_83' title='bbox 1581 1040 1720 1103; x_wconf 90' lang='lat' dir='ltr'>salutern</span> <span class='ocrx_word' id='word_1_84' title='bbox 1744 1038 1829 1119; x_wconf 89' lang='lat' dir='ltr'>dieo,</span> <span class='ocrx_word' id='word_1_85' title='bbox 1863 1042 1884 1102; x_wconf 84' lang='grc'>2</span> 
     </span>
     <span class='ocr_line' id='line_1_8' title="bbox 186 1120 1837 1228; baseline 0.013 -45"><span class='ocrx_word' id='word_1_86' title='bbox 186 1120 298 1187; x_wconf 82' lang='lat' dir='ltr'>ridere</span> <span class='ocrx_word' id='word_1_87' title='bbox 320 1145 379 1189; x_wconf 91' lang='lat' dir='ltr'>vos</span> <span class='ocrx_word' id='word_1_88' title='bbox 403 1128 463 1192; x_wconf 92' lang='lat' dir='ltr'>sub</span> <span class='ocrx_word' id='word_1_89' title='bbox 487 1151 549 1217; x_wconf 91' lang='lat' dir='ltr'>ope</span> <span class='ocrx_word' id='word_1_90' title='bbox 567 1132 688 1200; x_wconf 78' lang='lat' dir='ltr'>Christi</span> <span class='ocrx_word' id='word_1_91' title='bbox 712 1159 808 1222; x_wconf 88' lang='lat' dir='ltr'>quam</span> <span class='ocrx_word' id='word_1_92' title='bbox 832 1142 1062 1219; x_wconf 85' lang='lat' dir='ltr'>maturissime,</span> <span class='ocrx_word' id='word_1_93' title='bbox 1087 1144 1113 1206; x_wconf 89' lang='lat' dir='ltr'>si</span> <span class='ocrx_word' id='word_1_94' title='bbox 1136 1165 1195 1228; x_wconf 89' lang='lat' dir='ltr'>per</span> <span class='ocrx_word' id='word_1_95' title='bbox 1218 1149 1338 1206; x_wconf 89' lang='lat' dir='ltr'>statum</span> <span class='ocrx_word' id='word_1_96' title='bbox 1362 1142 1526 1228; x_wconf 90' lang='lat' dir='ltr'>publicum</span> <span class='ocrx_word' id='word_1_97' title='bbox 1551 1143 1668 1223; x_wconf 90' lang='lat' dir='ltr'>liceat,</span> <span class='ocrx_word' id='word_1_98' title='bbox 1690 1140 1837 1228; x_wconf 88' lang='lat' dir='ltr'>cupiens.</span> 
     </span>
     <span class='ocr_line' id='line_1_9' title="bbox 186 1225 1837 1332; baseline 0.013 -45"><span class='ocrx_word' id='word_1_99' title='bbox 186 1225 351 1309; x_wconf 88' lang='lat' dir='ltr'>quocirca,</span> <span class='ocrx_word' id='word_1_100' title='bbox 381 1230 443 1294; x_wconf 91' lang='lat' dir='ltr'>nisi</span> <span class='ocrx_word' id='word_1_101' title='bbox 472 1232 669 1302; x_wconf 90' lang='lat' dir='ltr'>desiderium</span> <span class='ocrx_word' id='word_1_102' title='bbox 698 1261 807 1306; x_wconf 91' lang='lat' dir='ltr'>meum</span> <span class='ocrx_word' id='word_1_103' title='bbox 830 1243 959 1310; x_wconf 90' lang='lat' dir='ltr'>videtur</span> <span class='ocrx_word' id='word_1_104' title='bbox 985 1268 1175 1318; x_wconf 88' lang='lat' dir='ltr'>onerosum,</span> <span class='ocrx_word' id='word_1_105' title='bbox 1206 1253 1373 1311; x_wconf 88' lang='lat' dir='ltr'>remeante</span> <span class='ocrx_word' id='word_1_106' title='bbox 1402 1245 1550 1332; x_wconf 83' lang='lat' dir='ltr'>praelate</span> <span class='ocrx_word' id='word_1_107' title='bbox 1580 1246 1656 1309; x_wconf 90' lang='lat' dir='ltr'>fiam</span> <span class='ocrx_word' id='word_1_108' title='bbox 1690 1245 1837 1310; x_wconf 92' lang='lat' dir='ltr'>locorum</span> 
     </span>
     <span class='ocr_line' id='line_1_10' title="bbox 186 1334 1836 1435; baseline 0.013 -45"><span class='ocrx_word' id='word_1_109' title='bbox 186 1334 367 1396; x_wconf 83' lang='lat' dir='ltr'>vestrorum</span> <span class='ocrx_word' id='word_1_110' title='bbox 397 1342 432 1399; x_wconf 89' lang='lat' dir='ltr'>et</span> <span class='ocrx_word' id='word_1_111' title='bbox 463 1342 645 1425; x_wconf 91' lang='lat' dir='ltr'>temporum</span> <span class='ocrx_word' id='word_1_112' title='bbox 674 1365 807 1429; x_wconf 89' lang='lat' dir='ltr'>gnarus.</span> <span class='ocrx_word' id='word_1_113' title='bbox 853 1353 917 1412; x_wconf 91' lang='lat' dir='ltr'>stat</span> <span class='ocrx_word' id='word_1_114' title='bbox 949 1350 1113 1414; x_wconf 89' lang='lat' dir='ltr'>sententia</span> <span class='ocrx_word' id='word_1_115' title='bbox 1145 1351 1281 1414; x_wconf 87' lang='lat' dir='ltr'>eluctari</span> <span class='ocrx_word' id='word_1_116' title='bbox 1312 1349 1480 1435; x_wconf 91' lang='lat' dir='ltr'>oppositas</span> <span class='ocrx_word' id='word_1_117' title='bbox 1508 1349 1707 1434; x_wconf 87' lang='lat' dir='ltr'>privatarum</span> <span class='ocrx_word' id='word_1_118' title='bbox 1739 1368 1836 1412; x_wconf 92' lang='lat' dir='ltr'>occu-</span> 
     </span>
    </p>

    <p class='ocr_par' dir='ltr' id='par_1_4' title="bbox 137 1431 1890 1952">
     <span class='ocr_line' id='line_1_11' title="bbox 137 1431 1838 1538; baseline 0.012 -46"><span class='ocrx_word' id='word_1_119' title='bbox 137 1452 163 1492; x_wconf 82' lang='grc' dir='ltr'>ιο</span> <span class='ocrx_word' id='word_1_120' title='bbox 188 1431 354 1516; x_wconf 87' lang='lat' dir='ltr'>pationum</span> <span class='ocrx_word' id='word_1_121' title='bbox 386 1435 597 1508; x_wconf 88' lang='lat' dir='ltr'>difficultates</span> <span class='ocrx_word' id='word_1_122' title='bbox 624 1451 658 1509; x_wconf 92' lang='lat' dir='ltr'>et</span> <span class='ocrx_word' id='word_1_123' title='bbox 685 1448 931 1534; x_wconf 80' lang='lat' dir='ltr'>conplectendis</span> <span class='ocrx_word' id='word_1_124' title='bbox 959 1453 1150 1538; x_wconf 86' lang='lat' dir='ltr'>pectoribus</span> <span class='ocrx_word' id='word_1_125' title='bbox 1177 1453 1295 1517; x_wconf 87' lang='lat' dir='ltr'>vestris</span> <span class='ocrx_word' id='word_1_126' title='bbox 1323 1452 1504 1536; x_wconf 88' lang='lat' dir='ltr'>quamlibet</span> <span class='ocrx_word' id='word_1_127' title='bbox 1532 1451 1665 1536; x_wconf 89' lang='lat' dir='ltr'>lengum</span> <span class='ocrx_word' id='word_1_128' title='bbox 1694 1449 1838 1515; x_wconf 85' lang='lat' dir='ltr'>officium</span> 
     </span>
     <span class='ocr_line' id='line_1_12' title="bbox 187 1531 1838 1642; baseline 0.013 -45"><span class='ocrx_word' id='word_1_129' title='bbox 187 1531 360 1621; x_wconf 86' lang='lat' dir='ltr'>deputare,</span> <span class='ocrx_word' id='word_1_130' title='bbox 389 1540 417 1604; x_wconf 92' lang='lat' dir='ltr'>si</span> <span class='ocrx_word' id='word_1_131' title='bbox 447 1548 572 1627; x_wconf 58' lang='lat' dir='ltr'>umen,</span> <span class='ocrx_word' id='word_1_132' title='bbox 603 1550 691 1632; x_wconf 93' lang='lat' dir='ltr'>quod</span> <span class='ocrx_word' id='word_1_133' title='bbox 720 1552 819 1616; x_wconf 88' lang='lat' dir='ltr'>etiam</span> <span class='ocrx_word' id='word_1_134' title='bbox 849 1576 935 1620; x_wconf 90' lang='lat' dir='ltr'>nunc</span> <span class='ocrx_word' id='word_1_135' title='bbox 963 1576 1130 1638; x_wconf 83' lang='lat' dir='ltr'>veremur,</span> <span class='ocrx_word' id='word_1_136' title='bbox 1164 1577 1230 1621; x_wconf 91' lang='lat' dir='ltr'>non</span> <span class='ocrx_word' id='word_1_137' title='bbox 1260 1558 1308 1621; x_wconf 85' lang='lat' dir='ltr'>vis</span> <span class='ocrx_word' id='word_1_138' title='bbox 1336 1556 1440 1621; x_wconf 92' lang='lat' dir='ltr'>maior</span> <span class='ocrx_word' id='word_1_139' title='bbox 1461 1555 1623 1642; x_wconf 90' lang='lat' dir='ltr'>disposita</span> <span class='ocrx_word' id='word_1_140' title='bbox 1650 1551 1838 1619; x_wconf 81' lang='lat' dir='ltr'>confundat.</span> 
     </span>
     <span class='ocr_line' id='line_1_13' title="bbox 187 1653 1890 1746; baseline 0.009 -44"><span class='ocrx_word' id='word_1_141' title='bbox 187 1659 270 1723; x_wconf 88' lang='lat' dir='ltr'>quae</span> <span class='ocrx_word' id='word_1_142' title='bbox 294 1661 353 1706; x_wconf 84' lang='lat' dir='ltr'>ros</span> <span class='ocrx_word' id='word_1_143' title='bbox 377 1664 506 1732; x_wconf 90' lang='lat' dir='ltr'>queque</span> <span class='ocrx_word' id='word_1_144' title='bbox 535 1671 600 1714; x_wconf 94' lang='lat' dir='ltr'>nen</span> <span class='ocrx_word' id='word_1_145' title='bbox 626 1653 856 1740; x_wconf 86' lang='lat' dir='ltr'>perindignum</span> <span class='ocrx_word' id='word_1_146' title='bbox 886 1665 937 1723; x_wconf 90' lang='lat' dir='ltr'>est</span> <span class='ocrx_word' id='word_1_147' title='bbox 966 1680 1039 1724; x_wconf 90' lang='lat' dir='ltr'>eum</span> <span class='ocrx_word' id='word_1_148' title='bbox 1071 1660 1171 1724; x_wconf 82' lang='lat' dir='ltr'>fratre</span> <span class='ocrx_word' id='word_1_149' title='bbox 1193 1659 1367 1739; x_wconf 84' lang='lat' dir='ltr'>Faustino,</span> <span class='ocrx_word' id='word_1_150' title='bbox 1401 1666 1497 1746; x_wconf 92' lang='lat' dir='ltr'>prout</span> <span class='ocrx_word' id='word_1_151' title='bbox 1523 1665 1673 1744; x_wconf 90' lang='lat' dir='ltr'>tempera</span> <span class='ocrx_word' id='word_1_152' title='bbox 1695 1662 1838 1736; x_wconf 88' lang='lat' dir='ltr'>monent,</span> <span class='ocrx_word' id='word_1_153' title='bbox 1871 1657 1890 1718; x_wconf 86' lang='grc'>3</span> 
     </span>
     <span class='ocr_line' id='line_1_14' title="bbox 191 1748 1838 1848; baseline 0.01 -43"><span class='ocrx_word' id='word_1_154' title='bbox 191 1748 331 1810; x_wconf 90' lang='lat' dir='ltr'>tractatu</span> <span class='ocrx_word' id='word_1_155' title='bbox 356 1752 592 1818; x_wconf 85' lang='lat' dir='ltr'>communicato</span> <span class='ocrx_word' id='word_1_156' title='bbox 615 1755 810 1826; x_wconf 90' lang='lat' dir='ltr'>deliberare.</span> <span class='ocrx_word' id='word_1_157' title='bbox 845 1783 940 1846; x_wconf 89' lang='lat' dir='ltr'>quem</span> <span class='ocrx_word' id='word_1_158' title='bbox 965 1784 1026 1848; x_wconf 92' lang='lat' dir='ltr'>ego</span> <span class='ocrx_word' id='word_1_159' title='bbox 1042 1763 1118 1848; x_wconf 92' lang='lat' dir='ltr'>quia</span> <span class='ocrx_word' id='word_1_160' title='bbox 1140 1764 1252 1848; x_wconf 91' lang='lat' dir='ltr'>diligo,</span> <span class='ocrx_word' id='word_1_161' title='bbox 1275 1771 1439 1848; x_wconf 88' lang='lat' dir='ltr'>tamquam</span> <span class='ocrx_word' id='word_1_162' title='bbox 1458 1763 1513 1847; x_wconf 88' lang='lat' dir='ltr'>qui</span> <span class='ocrx_word' id='word_1_163' title='bbox 1536 1784 1588 1827; x_wconf 89' lang='lat' dir='ltr'>me</span> <span class='ocrx_word' id='word_1_164' title='bbox 1611 1761 1727 1847; x_wconf 90' lang='lat' dir='ltr'>diligat</span> <span class='ocrx_word' id='word_1_165' title='bbox 1749 1758 1838 1823; x_wconf 91' lang='lat' dir='ltr'>misi:</span> 
     </span>
     <span class='ocr_line' id='line_1_15' title="bbox 188 1848 1837 1952; baseline 0.011 -42"><span class='ocrx_word' id='word_1_166' title='bbox 188 1848 216 1911; x_wconf 89' lang='lat' dir='ltr'>si</span> <span class='ocrx_word' id='word_1_167' title='bbox 239 1849 416 1935; x_wconf 88' lang='lat' dir='ltr'>respondet</span> <span class='ocrx_word' id='word_1_168' title='bbox 444 1854 563 1922; x_wconf 92' lang='lat' dir='ltr'>iudicio</span> <span class='ocrx_word' id='word_1_169' title='bbox 588 1881 675 1939; x_wconf 88' lang='lat' dir='ltr'>mee,</span> <span class='ocrx_word' id='word_1_170' title='bbox 702 1863 824 1946; x_wconf 89' lang='lat' dir='ltr'>gratias</span> <span class='ocrx_word' id='word_1_171' title='bbox 853 1887 930 1951; x_wconf 90' lang='lat' dir='ltr'>ag0;</span> <span class='ocrx_word' id='word_1_172' title='bbox 959 1888 1056 1952; x_wconf 89' lang='lat' dir='ltr'>porro</span> <span class='ocrx_word' id='word_1_173' title='bbox 1085 1874 1194 1931; x_wconf 90' lang='lat' dir='ltr'>autem</span> <span class='ocrx_word' id='word_1_174' title='bbox 1225 1887 1296 1930; x_wconf 89' lang='lat' dir='ltr'>eum</span> <span class='ocrx_word' id='word_1_175' title='bbox 1320 1867 1497 1931; x_wconf 88' lang='lat' dir='ltr'>virbonus</span> <span class='ocrx_word' id='word_1_176' title='bbox 1521 1866 1561 1930; x_wconf 88' lang='lat' dir='ltr'>ab</span> <span class='ocrx_word' id='word_1_177' title='bbox 1586 1865 1736 1930; x_wconf 89' lang='lat' dir='ltr'>omnibus</span> <span class='ocrx_word' id='word_1_178' title='bbox 1760 1884 1837 1929; x_wconf 91' lang='lat' dir='ltr'>een-</span> 
     </span>
    </p>

    <p class='ocr_par' dir='ltr' id='par_1_5' title="bbox 138 1959 1271 2056">
     <span class='ocr_line' id='line_1_16' title="bbox 138 1959 1271 2056; baseline 0.018 -41"><span class='ocrx_word' id='word_1_179' title='bbox 138 1966 162 2004; x_wconf 78' lang='lat'>¹⁵</span> <span class='ocrx_word' id='word_1_180' title='bbox 188 1959 306 2033; x_wconf 86' lang='lat' dir='ltr'>scatur,</span> <span class='ocrx_word' id='word_1_181' title='bbox 330 1975 396 2019; x_wconf 89' lang='lat' dir='ltr'>non</span> <span class='ocrx_word' id='word_1_182' title='bbox 420 1966 472 2023; x_wconf 87' lang='lat' dir='ltr'>est</span> <span class='ocrx_word' id='word_1_183' title='bbox 495 1960 591 2026; x_wconf 89' lang='lat' dir='ltr'>horno</span> <span class='ocrx_word' id='word_1_184' title='bbox 614 1966 716 2050; x_wconf 86' lang='lat' dir='ltr'>peior,</span> <span class='ocrx_word' id='word_1_185' title='bbox 740 1970 767 2032; x_wconf 95' lang='lat' dir='ltr'>si</span> <span class='ocrx_word' id='word_1_186' title='bbox 790 1990 856 2033; x_wconf 91' lang='lat' dir='ltr'>non</span> <span class='ocrx_word' id='word_1_187' title='bbox 882 1977 933 2034; x_wconf 92' lang='lat' dir='ltr'>est</span> <span class='ocrx_word' id='word_1_188' title='bbox 956 1971 1106 2056; x_wconf 92' lang='lat' dir='ltr'>optimus.</span> <span class='ocrx_word' id='word_1_189' title='bbox 1153 1972 1271 2036; x_wconf 90' lang='lat' dir='ltr'>valete.</span> 
     </span>
    </p>
   </div>
   <div class='ocr_carea' id='block_1_3' title="bbox 646 2328 1387 2555">
    <p class='ocr_par' dir='ltr' id='par_1_6' title="bbox 646 2328 1387 2555">
     <span class='ocr_line' id='line_1_17' title="bbox 995 2328 1036 2394; baseline 0.049 -2"><span class='ocrx_word' id='word_1_190' title='bbox 995 2328 1036 2394; x_wconf 86' lang='lat' dir='ltr'>V.</span> 
     </span>
     <span class='ocr_line' id='line_1_18' title="bbox 646 2487 1387 2555; baseline 0 -3"><span class='ocrx_word' id='word_1_191' title='bbox 646 2487 856 2554; x_wconf 83' lang='lat' dir='ltr'>SIDONIUS</span> <span class='ocrx_word' id='word_1_192' title='bbox 881 2490 1031 2554; x_wconf 77' lang='lat' dir='ltr'>FELICI</span> <span class='ocrx_word' id='word_1_193' title='bbox 1054 2490 1140 2554; x_wconf 86' lang='lat' dir='ltr'>SUO</span> <span class='ocrx_word' id='word_1_194' title='bbox 1165 2489 1387 2555; x_wconf 80' lang='lat' dir='ltr'><strong>SALUTEM.</strong></span> 
     </span>
    </p>
   </div>
   <div class='ocr_carea' id='block_1_4' title="bbox 138 2598 1889 3342">
    <p class='ocr_par' dir='ltr' id='par_1_7' title="bbox 190 2598 1886 2927">
     <span class='ocr_line' id='line_1_19' title="bbox 297 2598 1886 2715; baseline 0.006 -26"><span class='ocrx_word' id='word_1_195' title='bbox 297 2598 422 2692; x_wconf 71' lang='lat' dir='ltr'>issaar</span> <span class='ocrx_word' id='word_1_196' title='bbox 446 2633 637 2715; x_wconf 90' lang='lat' dir='ltr'>portitorem</span> <span class='ocrx_word' id='word_1_197' title='bbox 664 2636 869 2699; x_wconf 88' lang='lat' dir='ltr'>salutationis</span> <span class='ocrx_word' id='word_1_198' title='bbox 894 2638 1040 2701; x_wconf 85' lang='lat' dir='ltr'>iteratio:</span> <span class='ocrx_word' id='word_1_199' title='bbox 1070 2636 1210 2700; x_wconf 84' lang='lat' dir='ltr'>Gozolas</span> <span class='ocrx_word' id='word_1_200' title='bbox 1235 2643 1357 2703; x_wconf 85' lang='lat' dir='ltr'>vester.</span> <span class='ocrx_word' id='word_1_201' title='bbox 1388 2636 1469 2700; x_wconf 87' lang='lat' dir='ltr'>deus</span> <span class='ocrx_word' id='word_1_202' title='bbox 1499 2637 1623 2700; x_wconf 88' lang='lat' dir='ltr'>tribuat</span> <span class='ocrx_word' id='word_1_203' title='bbox 1650 2645 1685 2698; x_wconf 93' lang='lat' dir='ltr'>ut</span> <span class='ocrx_word' id='word_1_204' title='bbox 1715 2643 1837 2705; x_wconf 84' lang='lat' dir='ltr'>noster,</span> <span class='ocrx_word' id='word_1_205' title='bbox 1873 2640 1886 2699; x_wconf 88' lang='lat'>1</span> 
     </span>
     <span class='ocr_line' id='line_1_20' title="bbox 190 2725 1839 2825; baseline 0.006 -33"><span class='ocrx_word' id='word_1_206' title='bbox 190 2731 318 2814; x_wconf 91' lang='lat' dir='ltr'>apicum</span> <span class='ocrx_word' id='word_1_207' title='bbox 343 2752 487 2796; x_wconf 90' lang='lat' dir='ltr'>meorum</span> <span class='ocrx_word' id='word_1_208' title='bbox 512 2725 658 2801; x_wconf 84' lang='lat' dir='ltr'>secunde</span> <span class='ocrx_word' id='word_1_209' title='bbox 681 2740 816 2821; x_wconf 90' lang='lat' dir='ltr'>gerulus</span> <span class='ocrx_word' id='word_1_210' title='bbox 839 2740 989 2806; x_wconf 83' lang='lat' dir='ltr'>efficitur.</span> <span class='ocrx_word' id='word_1_211' title='bbox 1039 2742 1138 2825; x_wconf 89' lang='lat' dir='ltr'>igitur</span> <span class='ocrx_word' id='word_1_212' title='bbox 1167 2739 1396 2804; x_wconf 89' lang='lat' dir='ltr'>verecundiam</span> <span class='ocrx_word' id='word_1_213' title='bbox 1428 2740 1557 2824; x_wconf 90' lang='lat' dir='ltr'>utrique</span> <span class='ocrx_word' id='word_1_214' title='bbox 1586 2740 1721 2802; x_wconf 85' lang='lat' dir='ltr'>eximite</span> <span class='ocrx_word' id='word_1_215' title='bbox 1751 2760 1839 2802; x_wconf 82' lang='lat' dir='ltr'>eoru·</span> 
     </span>
     <span class='ocr_line' id='line_1_21' title="bbox 190 2839 1839 2927; baseline 0.005 -31"><span class='ocrx_word' id='word_1_216' title='bbox 190 2855 338 2907; x_wconf 90' lang='lat' dir='ltr'>munem;</span> <span class='ocrx_word' id='word_1_217' title='bbox 375 2857 448 2899; x_wconf 88' lang='lat' dir='ltr'>nam</span> <span class='ocrx_word' id='word_1_218' title='bbox 473 2839 501 2901; x_wconf 95' lang='lat' dir='ltr'>si</span> <span class='ocrx_word' id='word_1_219' title='bbox 525 2840 702 2904; x_wconf 84' lang='lat' dir='ltr'>etiamnum</span> <span class='ocrx_word' id='word_1_220' title='bbox 728 2843 825 2906; x_wconf 91' lang='lat' dir='ltr'>silere</span> <span class='ocrx_word' id='word_1_221' title='bbox 853 2843 1068 2923; x_wconf 89' lang='lat' dir='ltr'>meditemini,</span> <span class='ocrx_word' id='word_1_222' title='bbox 1105 2864 1217 2906; x_wconf 88' lang='lat' dir='ltr'>ornnes</span> <span class='ocrx_word' id='word_1_223' title='bbox 1247 2850 1280 2907; x_wconf 90' lang='lat' dir='ltr'>et</span> <span class='ocrx_word' id='word_1_224' title='bbox 1310 2864 1362 2906; x_wconf 91' lang='lat' dir='ltr'>me</span> <span class='ocrx_word' id='word_1_225' title='bbox 1392 2844 1444 2906; x_wconf 92' lang='lat' dir='ltr'>eui</span> <span class='ocrx_word' id='word_1_226' title='bbox 1472 2848 1504 2906; x_wconf 92' lang='lat' dir='ltr'>et</span> <span class='ocrx_word' id='word_1_227' title='bbox 1532 2843 1623 2906; x_wconf 92' lang='lat' dir='ltr'>illum</span> <span class='ocrx_word' id='word_1_228' title='bbox 1654 2864 1713 2927; x_wconf 91' lang='lat' dir='ltr'>per</span> <span class='ocrx_word' id='word_1_229' title='bbox 1742 2862 1839 2927; x_wconf 88' lang='lat' dir='ltr'>quem</span> 
     </span>
    </p>

    <p class='ocr_par' dir='ltr' id='par_1_8' title="bbox 138 2937 1889 3342">
     <span class='ocr_line' id='line_1_22' title="bbox 138 2937 1889 3032; baseline 0.002 -30"><span class='ocrx_word' id='word_1_230' title='bbox 138 2966 164 3002; x_wconf 79' lang='lat' dir='ltr'>ao</span> <span class='ocrx_word' id='word_1_231' title='bbox 191 2937 334 3002; x_wconf 88' lang='lat' dir='ltr'>scribere</span> <span class='ocrx_word' id='word_1_232' title='bbox 358 2939 504 3005; x_wconf 90' lang='lat' dir='ltr'>debebas</span> <span class='ocrx_word' id='word_1_233' title='bbox 527 2943 697 3028; x_wconf 91' lang='lat' dir='ltr'>indignum</span> <span class='ocrx_word' id='word_1_234' title='bbox 721 2946 973 3010; x_wconf 88' lang='lat' dir='ltr'>arbitrabuntur.</span> <span class='ocrx_word' id='word_1_235' title='bbox 1019 2946 1059 3010; x_wconf 92' lang='lat' dir='ltr'>de</span> <span class='ocrx_word' id='word_1_236' title='bbox 1084 2955 1267 3032; x_wconf 88' lang='lat' dir='ltr'>temporum</span> <span class='ocrx_word' id='word_1_237' title='bbox 1293 2954 1378 3010; x_wconf 89' lang='lat' dir='ltr'>statu</span> <span class='ocrx_word' id='word_1_238' title='bbox 1403 2947 1466 3009; x_wconf 88' lang='lat' dir='ltr'>ianr</span> <span class='ocrx_word' id='word_1_239' title='bbox 1490 2946 1569 3009; x_wconf 91' lang='lat' dir='ltr'>nihil</span> <span class='ocrx_word' id='word_1_240' title='bbox 1591 2953 1627 3009; x_wconf 92' lang='lat' dir='ltr'>ut</span> <span class='ocrx_word' id='word_1_241' title='bbox 1648 2947 1739 3032; x_wconf 90' lang='lat' dir='ltr'>prius</span> <span class='ocrx_word' id='word_1_242' title='bbox 1757 2965 1834 3007; x_wconf 91' lang='lat' dir='ltr'>con·</span> <span class='ocrx_word' id='word_1_243' title='bbox 1869 2947 1889 3006; x_wconf 83' lang='grc'>2</span> 
     </span>
     <span class='ocr_line' id='line_1_23' title="bbox 190 3041 1835 3136; baseline 0.005 -33"><span class='ocrx_word' id='word_1_244' title='bbox 190 3041 276 3122; x_wconf 87' lang='lat' dir='ltr'>sule,</span> <span class='ocrx_word' id='word_1_245' title='bbox 305 3063 345 3105; x_wconf 92' lang='lat' dir='ltr'>ne</span> <span class='ocrx_word' id='word_1_246' title='bbox 374 3043 416 3106; x_wconf 92' lang='lat' dir='ltr'>sit</span> <span class='ocrx_word' id='word_1_247' title='bbox 444 3046 587 3110; x_wconf 90' lang='lat' dir='ltr'>moribus</span> <span class='ocrx_word' id='word_1_248' title='bbox 612 3047 675 3112; x_wconf 92' lang='lat' dir='ltr'>tuis</span> <span class='ocrx_word' id='word_1_249' title='bbox 700 3051 806 3123; x_wconf 91' lang='lat' dir='ltr'>oneri,</span> <span class='ocrx_word' id='word_1_250' title='bbox 838 3050 865 3113; x_wconf 92' lang='lat' dir='ltr'>si</span> <span class='ocrx_word' id='word_1_251' title='bbox 888 3050 1026 3114; x_wconf 85' lang='lat' dir='ltr'>aduersa</span> <span class='ocrx_word' id='word_1_252' title='bbox 1050 3050 1233 3134; x_wconf 89' lang='lat' dir='ltr'>significes,</span> <span class='ocrx_word' id='word_1_253' title='bbox 1264 3072 1336 3114; x_wconf 92' lang='lat' dir='ltr'>eum</span> <span class='ocrx_word' id='word_1_254' title='bbox 1369 3070 1526 3136; x_wconf 89' lang='lat' dir='ltr'>prospera</span> <span class='ocrx_word' id='word_1_255' title='bbox 1561 3070 1622 3112; x_wconf 94' lang='lat' dir='ltr'>non</span> <span class='ocrx_word' id='word_1_256' title='bbox 1648 3053 1835 3132; x_wconf 87' lang='lat' dir='ltr'>sequantur.</span> 
     </span>
     <span class='ocr_line' id='line_1_24' title="bbox 190 3150 1839 3238; baseline 0.004 -32"><span class='ocrx_word' id='word_1_257' title='bbox 190 3165 264 3207; x_wconf 91' lang='lat' dir='ltr'>nam</span> <span class='ocrx_word' id='word_1_258' title='bbox 288 3167 361 3208; x_wconf 91' lang='lat' dir='ltr'>eum</span> <span class='ocrx_word' id='word_1_259' title='bbox 386 3154 418 3210; x_wconf 89' lang='lat' dir='ltr'>te</span> <span class='ocrx_word' id='word_1_260' title='bbox 442 3170 506 3213; x_wconf 93' lang='lat' dir='ltr'>non</span> <span class='ocrx_word' id='word_1_261' title='bbox 530 3150 646 3215; x_wconf 88' lang='lat' dir='ltr'>deceat</span> <span class='ocrx_word' id='word_1_262' title='bbox 671 3153 752 3216; x_wconf 81' lang='lat' dir='ltr'>falsa</span> <span class='ocrx_word' id='word_1_263' title='bbox 775 3153 929 3218; x_wconf 88' lang='lat' dir='ltr'>mandare</span> <span class='ocrx_word' id='word_1_264' title='bbox 946 3162 1042 3238; x_wconf 86' lang='lat' dir='ltr'>atque</span> <span class='ocrx_word' id='word_1_265' title='bbox 1067 3154 1144 3218; x_wconf 90' lang='lat' dir='ltr'>item</span> <span class='ocrx_word' id='word_1_266' title='bbox 1167 3175 1308 3220; x_wconf 62' lang='lat' dir='ltr'>aeacum</span> <span class='ocrx_word' id='word_1_267' title='bbox 1325 3153 1389 3217; x_wconf 91' lang='lat' dir='ltr'>sint</span> <span class='ocrx_word' id='word_1_268' title='bbox 1405 3153 1514 3217; x_wconf 86' lang='lat' dir='ltr'>votiva</span> <span class='ocrx_word' id='word_1_269' title='bbox 1534 3158 1724 3228; x_wconf 88' lang='lat' dir='ltr'>memoratu,</span> <span class='ocrx_word' id='word_1_270' title='bbox 1748 3151 1839 3234; x_wconf 83' lang='lat' dir='ltr'>fugio</span> 
     </span>
     <span class='ocr_line' id='line_1_25' title="bbox 189 3248 1383 3342; baseline 0.011 -33"><span class='ocrx_word' id='word_1_271' title='bbox 189 3248 342 3332; x_wconf 88' lang='lat' dir='ltr'>quiequid</span> <span class='ocrx_word' id='word_1_272' title='bbox 365 3251 445 3316; x_wconf 90' lang='lat' dir='ltr'>illud</span> <span class='ocrx_word' id='word_1_273' title='bbox 469 3254 546 3317; x_wconf 90' lang='lat' dir='ltr'>mali</span> <span class='ocrx_word' id='word_1_274' title='bbox 569 3263 620 3319; x_wconf 93' lang='lat' dir='ltr'>est</span> <span class='ocrx_word' id='word_1_275' title='bbox 642 3277 700 3340; x_wconf 92' lang='lat' dir='ltr'>per</span> <span class='ocrx_word' id='word_1_276' title='bbox 723 3256 882 3321; x_wconf 89' lang='lat' dir='ltr'>benorum</span> <span class='ocrx_word' id='word_1_277' title='bbox 907 3256 1026 3321; x_wconf 90' lang='lat' dir='ltr'>indicia</span> <span class='ocrx_word' id='word_1_278' title='bbox 1048 3278 1256 3342; x_wconf 87' lang='lat' dir='ltr'>cognoscere.</span> <span class='ocrx_word' id='word_1_279' title='bbox 1301 3258 1383 3322; x_wconf 88' lang='lat' dir='ltr'>vale.</span> 
     </span>
    </p>
   </div>
   <div class='ocr_carea' id='block_1_5' title="bbox 579 3602 1449 3823">
    <p class='ocr_par' dir='ltr' id='par_1_9' title="bbox 579 3602 1449 3823">
     <span class='ocr_line' id='line_1_26' title="bbox 986 3602 1044 3668; baseline 0.017 -2"><span class='ocrx_word' id='word_1_280' title='bbox 986 3602 1044 3668; x_wconf 88' lang='lat' dir='ltr'>VI.</span> 
     </span>
     <span class='ocr_line' id='line_1_27' title="bbox 579 3756 1449 3823; baseline 0.001 -2"><span class='ocrx_word' id='word_1_281' title='bbox 579 3757 791 3823; x_wconf 82' lang='lat' dir='ltr'>SIDONIUS</span> <span class='ocrx_word' id='word_1_282' title='bbox 815 3757 1092 3823; x_wconf 82' lang='lat' dir='ltr'><strong>APOLLINARI</strong></span> <span class='ocrx_word' id='word_1_283' title='bbox 1118 3757 1203 3823; x_wconf 89' lang='lat' dir='ltr'>SUO</span> <span class='ocrx_word' id='word_1_284' title='bbox 1228 3756 1449 3822; x_wconf 80' lang='lat' dir='ltr'>SALUTEM.</span> 
     </span>
    </p>
   </div>
   <div class='ocr_carea' id='block_1_6' title="bbox 142 3870 1887 4198">
    <p class='ocr_par' dir='ltr' id='par_1_10' title="bbox 142 3870 1887 4198">
     <span class='ocr_line' id='line_1_28' title="bbox 142 3870 1887 3985; baseline 0.002 -27"><span class='ocrx_word' id='word_1_285' title='bbox 142 3909 167 3948; x_wconf 75' lang='lat'>2⁵</span> <span class='ocrx_word' id='word_1_286' title='bbox 301 3870 381 3963; x_wconf 79' lang='lat' dir='ltr'>Pan</span> <span class='ocrx_word' id='word_1_287' title='bbox 405 3900 597 3969; x_wconf 80' lang='lat' dir='ltr'>Faustinum</span> <span class='ocrx_word' id='word_1_288' title='bbox 621 3905 800 3969; x_wconf 88' lang='lat' dir='ltr'>antistitem</span> <span class='ocrx_word' id='word_1_289' title='bbox 830 3927 893 3969; x_wconf 95' lang='lat' dir='ltr'>non</span> <span class='ocrx_word' id='word_1_290' title='bbox 923 3907 1030 3970; x_wconf 90' lang='lat' dir='ltr'>minus</span> <span class='ocrx_word' id='word_1_291' title='bbox 1059 3904 1137 3969; x_wconf 94' lang='lat' dir='ltr'>mihi</span> <span class='ocrx_word' id='word_1_292' title='bbox 1164 3907 1284 3969; x_wconf 88' lang='lat' dir='ltr'>veteris</span> <span class='ocrx_word' id='word_1_293' title='bbox 1315 3903 1520 3968; x_wconf 90' lang='lat' dir='ltr'>contubernii</span> <span class='ocrx_word' id='word_1_294' title='bbox 1549 3901 1721 3965; x_wconf 89' lang='lat' dir='ltr'>sodalitate</span> <span class='ocrx_word' id='word_1_295' title='bbox 1744 3920 1841 3985; x_wconf 88' lang='lat' dir='ltr'>quam</span> <span class='ocrx_word' id='word_1_296' title='bbox 1876 3903 1887 3962; x_wconf 90' lang='lat' dir='ltr'>l</span> 
     </span>
     <span class='ocr_line' id='line_1_29' title="bbox 192 4002 1842 4093; baseline 0.002 -29"><span class='ocrx_word' id='word_1_297' title='bbox 192 4022 296 4065; x_wconf 90' lang='lat' dir='ltr'>novae</span> <span class='ocrx_word' id='word_1_298' title='bbox 320 4002 535 4088; x_wconf 86' lang='lat' dir='ltr'>professionis</span> <span class='ocrx_word' id='word_1_299' title='bbox 561 4007 788 4071; x_wconf 91' lang='lat' dir='ltr'>communione</span> <span class='ocrx_word' id='word_1_300' title='bbox 806 4007 993 4072; x_wconf 86' lang='lat' dir='ltr'>devinctum</span> <span class='ocrx_word' id='word_1_301' title='bbox 1010 4009 1112 4073; x_wconf 82' lang='lat' dir='ltr'>verbo</span> <span class='ocrx_word' id='word_1_302' title='bbox 1130 4009 1302 4093; x_wconf 87' lang='lat' dir='ltr'>quaepiam</span> <span class='ocrx_word' id='word_1_303' title='bbox 1321 4005 1467 4070; x_wconf 88' lang='lat' dir='ltr'>cavenda</span> <span class='ocrx_word' id='word_1_304' title='bbox 1483 4003 1729 4068; x_wconf 87' lang='lat' dir='ltr'>mandaveram:</span> <span class='ocrx_word' id='word_1_305' title='bbox 1753 4003 1842 4067; x_wconf 88' lang='lat' dir='ltr'>dicte</span> 
     </span>
     <span class='ocr_line' id='line_1_30' title="bbox 192 4104 1842 4198; baseline 0.004 -34"><span class='ocrx_word' id='word_1_306' title='bbox 192 4104 341 4187; x_wconf 87' lang='lat' dir='ltr'>paruisse</span> <span class='ocrx_word' id='word_1_307' title='bbox 360 4126 417 4169; x_wconf 87' lang='lat' dir='ltr'>vos</span> <span class='ocrx_word' id='word_1_308' title='bbox 440 4106 579 4190; x_wconf 88' lang='lat' dir='ltr'>gaudeo.</span> <span class='ocrx_word' id='word_1_309' title='bbox 624 4110 784 4195; x_wconf 90' lang='lat' dir='ltr'>siquidem</span> <span class='ocrx_word' id='word_1_310' title='bbox 808 4112 1023 4198; x_wconf 87' lang='lat' dir='ltr'>prudentibus</span> <span class='ocrx_word' id='word_1_311' title='bbox 1047 4112 1231 4176; x_wconf 88' lang='lat' dir='ltr'>cordacitus</span> <span class='ocrx_word' id='word_1_312' title='bbox 1252 4113 1384 4176; x_wconf 89' lang='lat' dir='ltr'>insitum</span> <span class='ocrx_word' id='word_1_313' title='bbox 1402 4117 1453 4175; x_wconf 91' lang='lat' dir='ltr'>est</span> <span class='ocrx_word' id='word_1_314' title='bbox 1469 4111 1571 4173; x_wconf 88' lang='lat' dir='ltr'>vitare</span> <span class='ocrx_word' id='word_1_315' title='bbox 1589 4107 1732 4187; x_wconf 85' lang='lat' dir='ltr'>fortuita,</span> <span class='ocrx_word' id='word_1_316' title='bbox 1757 4107 1842 4171; x_wconf 90' lang='lat' dir='ltr'>sieut</span> 
     </span>
    </p>
   </div>
   <div class='ocr_carea' id='block_1_7' title="bbox 193 4288 604 4301">
    <p class='ocr_par' dir='ltr' id='par_1_11' title="bbox 193 4288 604 4301">
     <span class='ocr_line' id='line_1_31' title="bbox 193 4288 604 4301; baseline 0.017 -7"><span class='ocrx_word' id='word_1_317' title='bbox 193 4288 522 4299; x_wconf 78' lang='lat'>——..-—-.-—-——..-.-</span> <span class='ocrx_word' id='word_1_318' title='bbox 542 4295 548 4300; x_wconf 90' lang='lat'><em>.</em></span> <span class='ocrx_word' id='word_1_319' title='bbox 556 4295 604 4301; x_wconf 80' lang='lat'>---</span> 
     </span>
    </p>
   </div>
   <div class='ocr_carea' id='block_1_8' title="bbox 295 4372 1844 4533">
    <p class='ocr_par' dir='ltr' id='par_1_12' title="bbox 295 4372 1844 4533">
     <span class='ocr_line' id='line_1_32' title="bbox 295 4372 1844 4488; baseline 0.007 -20"><span class='ocrx_word' id='word_1_320' title='bbox 295 4416 450 4471; x_wconf 77' lang='lat' dir='ltr'>2thesseria</span> <span class='ocrx_word' id='word_1_321' title='bbox 470 4417 501 4471; x_wconf 89' lang='lat' dir='ltr'><em>F</em></span> <span class='ocrx_word' id='word_1_322' title='bbox 585 4432 680 4475; x_wconf 85' lang='lat' dir='ltr'>venatu</span> <span class='ocrx_word' id='word_1_323' title='bbox 698 4443 746 4475; x_wconf 87' lang='lat' dir='ltr'>em.</span> <span class='ocrx_word' id='word_1_324' title='bbox 765 4424 857 4488; x_wconf 80' lang='lat' dir='ltr'>LMP,</span> <span class='ocrx_word' id='word_1_325' title='bbox 883 4445 903 4476; x_wconf 83' lang='lat' dir='ltr'>a.</span> <span class='ocrx_word' id='word_1_326' title='bbox 922 4428 939 4477; x_wconf 87' lang='lat' dir='ltr'>l.</span> <span class='ocrx_word' id='word_1_327' title='bbox 959 4428 1020 4478; x_wconf 77' lang='lat' dir='ltr'>aad.</span> <span class='ocrx_word' id='word_1_328' title='bbox 1044 4425 1069 4478; x_wconf 90' lang='lat' dir='ltr'><em>T</em></span> <span class='ocrx_word' id='word_1_329' title='bbox 1072 4430 1082 4458; x_wconf 86' lang='lat'>²</span> <span class='ocrx_word' id='word_1_330' title='bbox 1204 4425 1415 4479; x_wconf 84' lang='lat' dir='ltr'>3eontcncioO</span> <span class='ocrx_word' id='word_1_331' title='bbox 1499 4430 1577 4479; x_wconf 90' lang='lat' dir='ltr'>miehi</span> <span class='ocrx_word' id='word_1_332' title='bbox 1598 4431 1620 4479; x_wconf 83' lang='lat' dir='ltr'><em>C</em></span> <span class='ocrx_word' id='word_1_333' title='bbox 1705 4372 1746 4479; x_wconf 82' lang='lat' dir='ltr'>hie</span> <span class='ocrx_word' id='word_1_334' title='bbox 1764 4372 1844 4480; x_wconf 73' lang='lat' dir='ltr'>alaier</span> 
     </span>
     <span class='ocr_line' id='line_1_33' title="bbox 866 4505 890 4533; baseline 0.042 -1"><span class='ocrx_word' id='word_1_335' title='bbox 866 4505 890 4533; x_wconf 66' lang='grc' dir='ltr'>Οἳ</span> 
     </span>
    </p>
   </div>
   <div class='ocr_carea' id='block_1_9' title="bbox 194 4507 1849 5105">
    <p class='ocr_par' dir='ltr' id='par_1_13' title="bbox 194 4507 1849 5105">
     <span class='ocr_line' id='line_1_34' title="bbox 194 4507 1844 4619; baseline 0.01 -33"><span class='ocrx_word' id='word_1_336' title='bbox 194 4544 321 4602; x_wconf 79' lang='lat' dir='ltr'>trampus.</span> <span class='ocrx_word' id='word_1_337' title='bbox 346 4538 379 4587; x_wconf 79' lang='grc' dir='ltr'>Τ1</span> <span class='ocrx_word' id='word_1_338' title='bbox 520 4540 537 4592; x_wconf 77' lang='grc'>4</span> <span class='ocrx_word' id='word_1_339' title='bbox 565 4544 656 4594; x_wconf 78' lang='lat' dir='ltr'>herieri</span> <span class='ocrx_word' id='word_1_340' title='bbox 682 4563 749 4595; x_wconf 87' lang='lat' dir='ltr'>corr.</span> <span class='ocrx_word' id='word_1_341' title='bbox 772 4547 799 4596; x_wconf 84' lang='lat' dir='ltr'>ia</span> <span class='ocrx_word' id='word_1_342' title='bbox 828 4548 917 4598; x_wconf 88' lang='lat' dir='ltr'>honari</span> <span class='ocrx_word' id='word_1_343' title='bbox 935 4546 991 4610; x_wconf 88' lang='lat' dir='ltr'>F²,</span> <span class='ocrx_word' id='word_1_344' title='bbox 1019 4550 1135 4600; x_wconf 87' lang='lat' dir='ltr'>venerari</span> <span class='ocrx_word' id='word_1_345' title='bbox 1155 4550 1177 4598; x_wconf 71' lang='lat' dir='ltr'>(J</span> <span class='ocrx_word' id='word_1_346' title='bbox 1312 4548 1330 4599; x_wconf 83' lang='lat'>5</span> <span class='ocrx_word' id='word_1_347' title='bbox 1355 4507 1393 4615; x_wconf 59' lang='lat' dir='ltr'>ipsi</span> <span class='ocrx_word' id='word_1_348' title='bbox 1419 4567 1439 4599; x_wconf 81' lang='lat' dir='ltr'>a.</span> <span class='ocrx_word' id='word_1_349' title='bbox 1462 4550 1479 4599; x_wconf 86' lang='lat' dir='ltr'>l.</span> <span class='ocrx_word' id='word_1_350' title='bbox 1502 4549 1564 4600; x_wconf 71' lang='lat' dir='ltr'>aaa.</span> <span class='ocrx_word' id='word_1_351' title='bbox 1584 4549 1630 4599; x_wconf 68' lang='grc' dir='ltr'>Δ11ι</span> <span class='ocrx_word' id='word_1_352' title='bbox 1719 4553 1844 4619; x_wconf 82' lang='lat' dir='ltr'>iutellige-</span> 
     </span>
     <span class='ocr_line' id='line_1_35' title="bbox 195 4655 1846 4743; baseline 0.009 -37"><span class='ocrx_word' id='word_1_353' title='bbox 195 4658 237 4707; x_wconf 84' lang='lat' dir='ltr'>bat</span> <span class='ocrx_word' id='word_1_354' title='bbox 255 4658 386 4710; x_wconf 72' lang='lat' dir='ltr'>dlst&#39;FP</span> <span class='ocrx_word' id='word_1_355' title='bbox 452 4663 525 4721; x_wconf 67' lang='lat' dir='ltr'>ab,</span> <span class='ocrx_word' id='word_1_356' title='bbox 543 4683 574 4715; x_wconf 87' lang='lat' dir='ltr'>ex</span> <span class='ocrx_word' id='word_1_357' title='bbox 595 4665 722 4716; x_wconf 73' lang='lat' dir='ltr'>,uro&#39;FP</span> <span class='ocrx_word' id='word_1_358' title='bbox 789 4670 884 4720; x_wconf 86' lang='lat' dir='ltr'>milicia</span> <span class='ocrx_word' id='word_1_359' title='bbox 901 4669 961 4719; x_wconf 66' lang='grc' dir='ltr'>ΜΡ</span> <span class='ocrx_word' id='word_1_360' title='bbox 1016 4735 1020 4743; x_wconf 86' lang='lat'>.</span> <span class='ocrx_word' id='word_1_361' title='bbox 1078 4670 1142 4721; x_wconf 74' lang='lat' dir='ltr'>tce</span> <span class='ocrx_word' id='word_1_362' title='bbox 1160 4671 1187 4720; x_wconf 82' lang='lat' dir='ltr'>ia</span> <span class='ocrx_word' id='word_1_363' title='bbox 1205 4655 1257 4720; x_wconf 64' lang='lat' dir='ltr'>raa.</span> <span class='ocrx_word' id='word_1_364' title='bbox 1279 4667 1325 4720; x_wconf 85' lang='lat' dir='ltr'>M¹</span> <span class='ocrx_word' id='word_1_365' title='bbox 1452 4666 1484 4718; x_wconf 86' lang='lat'>10</span> <span class='ocrx_word' id='word_1_366' title='bbox 1501 4670 1698 4735; x_wconf 85' lang='lat' dir='ltr'>complectendis</span> <span class='ocrx_word' id='word_1_367' title='bbox 1717 4670 1749 4720; x_wconf 83' lang='grc' dir='ltr'><em>Μ</em></span> <span class='ocrx_word' id='word_1_368' title='bbox 1753 4670 1777 4719; x_wconf 88' lang='lat' dir='ltr'><em>T</em></span> <span class='ocrx_word' id='word_1_369' title='bbox 1774 4669 1846 4721; x_wconf 81' lang='lat' dir='ltr'>OFP</span> 
     </span>
     <span class='ocr_line' id='line_1_36' title="bbox 196 4739 1842 4857; baseline 0.008 -29"><span class='ocrx_word' id='word_1_370' title='bbox 196 4776 225 4827; x_wconf 94' lang='lat' dir='ltr'>ll</span> <span class='ocrx_word' id='word_1_371' title='bbox 243 4760 276 4829; x_wconf 77' lang='lat' dir='ltr'>rie</span> <span class='ocrx_word' id='word_1_372' title='bbox 294 4798 360 4831; x_wconf 90' lang='lat' dir='ltr'>cerr.</span> <span class='ocrx_word' id='word_1_373' title='bbox 378 4799 409 4831; x_wconf 76' lang='lat' dir='ltr'>ea·</span> <span class='ocrx_word' id='word_1_374' title='bbox 427 4789 445 4832; x_wconf 84' lang='lat'>1&#39;1</span> <span class='ocrx_word' id='word_1_375' title='bbox 466 4778 513 4831; x_wconf 87' lang='lat' dir='ltr'>F²</span> <span class='ocrx_word' id='word_1_376' title='bbox 614 4785 646 4837; x_wconf 88' lang='grc'>13</span> <span class='ocrx_word' id='word_1_377' title='bbox 663 4793 744 4838; x_wconf 84' lang='lat' dir='ltr'>tractu</span> <span class='ocrx_word' id='word_1_378' title='bbox 763 4788 796 4851; x_wconf 86' lang='lat' dir='ltr'>L,</span> <span class='ocrx_word' id='word_1_379' title='bbox 813 4739 896 4840; x_wconf 72' lang='lat' dir='ltr'>tradiit</span> <span class='ocrx_word' id='word_1_380' title='bbox 919 4789 956 4838; x_wconf 72' lang='lat'>&#39;1’2</span> <span class='ocrx_word' id='word_1_381' title='bbox 1009 4748 1063 4855; x_wconf 71' lang='lat' dir='ltr'>da.</span> <span class='ocrx_word' id='word_1_382' title='bbox 1078 4792 1095 4840; x_wconf 82' lang='lat' dir='ltr'>l.</span> <span class='ocrx_word' id='word_1_383' title='bbox 1112 4791 1174 4841; x_wconf 82' lang='lat' dir='ltr'>add.</span> <span class='ocrx_word' id='word_1_384' title='bbox 1196 4788 1233 4840; x_wconf 84' lang='lat' dir='ltr'><em>M</em></span> <span class='ocrx_word' id='word_1_385' title='bbox 1236 4793 1247 4822; x_wconf 85' lang='lat'><strong>²</strong></span> <span class='ocrx_word' id='word_1_386' title='bbox 1260 4791 1284 4840; x_wconf 88' lang='lat' dir='ltr'><em>T</em></span> <span class='ocrx_word' id='word_1_387' title='bbox 1286 4794 1305 4856; x_wconf 87' lang='lat'>²,</span> <span class='ocrx_word' id='word_1_388' title='bbox 1323 4809 1369 4842; x_wconf 83' lang='lat' dir='ltr'>cnr.</span> <span class='ocrx_word' id='word_1_389' title='bbox 1391 4791 1416 4840; x_wconf 82' lang='lat' dir='ltr'><em>L</em></span> <span class='ocrx_word' id='word_1_390' title='bbox 1512 4787 1544 4839; x_wconf 81' lang='grc'><strong>14</strong></span> <span class='ocrx_word' id='word_1_391' title='bbox 1562 4747 1680 4857; x_wconf 78' lang='lat' dir='ltr'>respddet</span> <span class='ocrx_word' id='word_1_392' title='bbox 1697 4787 1789 4843; x_wconf 90' lang='lat' dir='ltr'>iuditio</span> <span class='ocrx_word' id='word_1_393' title='bbox 1808 4791 1842 4841; x_wconf 81' lang='lat'>0¹</span> 
     </span>
     <span class='ocr_line' id='line_1_37' title="bbox 196 4898 1845 4975; baseline 0.009 -26"><span class='ocrx_word' id='word_1_394' title='bbox 196 4898 228 4950; x_wconf 87' lang='lat'>15</span> <span class='ocrx_word' id='word_1_395' title='bbox 245 4903 303 4953; x_wconf 84' lang='lat' dir='ltr'>vale</span> <span class='ocrx_word' id='word_1_396' title='bbox 322 4902 435 4967; x_wconf 72' lang='lat' dir='ltr'>rlth&#39;P,</span> <span class='ocrx_word' id='word_1_397' title='bbox 457 4924 505 4956; x_wconf 84' lang='lat' dir='ltr'>om.</span> <span class='ocrx_word' id='word_1_398' title='bbox 527 4902 557 4956; x_wconf 89' lang='lat' dir='ltr'><em>F</em></span> <span class='ocrx_word' id='word_1_399' title='bbox 665 4905 698 4958; x_wconf 82' lang='lat'>16</span> <span class='ocrx_word' id='word_1_400' title='bbox 716 4909 905 4975; x_wconf 77' lang='lat' dir='ltr'>inscriptionem</span> <span class='ocrx_word' id='word_1_401' title='bbox 922 4929 974 4962; x_wconf 82' lang='lat' dir='ltr'>arro</span> <span class='ocrx_word' id='word_1_402' title='bbox 992 4929 1067 4962; x_wconf 84' lang='lat' dir='ltr'>versa</span> <span class='ocrx_word' id='word_1_403' title='bbox 1084 4929 1138 4962; x_wconf 85' lang='lat' dir='ltr'>eac.</span> <span class='ocrx_word' id='word_1_404' title='bbox 1157 4930 1206 4963; x_wconf 83' lang='lat' dir='ltr'>oar.</span> <span class='ocrx_word' id='word_1_405' title='bbox 1228 4912 1249 4962; x_wconf 78' lang='lat' dir='ltr'><em>L</em></span> <span class='ocrx_word' id='word_1_406' title='bbox 1360 4909 1391 4962; x_wconf 79' lang='grc'><strong>17</strong></span> <span class='ocrx_word' id='word_1_407' title='bbox 1409 4912 1616 4964; x_wconf 79' lang='lat' dir='ltr'>salutacionisO</span> <span class='ocrx_word' id='word_1_408' title='bbox 1683 4921 1743 4964; x_wconf 79' lang='lat' dir='ltr'>autc</span> <span class='ocrx_word' id='word_1_409' title='bbox 1761 4920 1845 4964; x_wconf 86' lang='lat' dir='ltr'>vester</span> 
     </span>
     <span class='ocr_line' id='line_1_38' title="bbox 196 5002 1849 5105; baseline 0.007 -35"><span class='ocrx_word' id='word_1_410' title='bbox 196 5021 242 5087; x_wconf 68' lang='lat' dir='ltr'>leg.</span> <span class='ocrx_word' id='word_1_411' title='bbox 262 5021 328 5072; x_wconf 79' lang='lat' dir='ltr'>liin</span> <span class='ocrx_word' id='word_1_412' title='bbox 349 5019 379 5072; x_wconf 97' lang='lat' dir='ltr'><em>F</em></span> <span class='ocrx_word' id='word_1_413' title='bbox 517 5025 550 5077; x_wconf 90' lang='grc'>18</span> <span class='ocrx_word' id='word_1_414' title='bbox 572 5045 706 5080; x_wconf 88' lang='lat' dir='ltr'>comunem</span> <span class='ocrx_word' id='word_1_415' title='bbox 724 5028 758 5079; x_wconf 81' lang='lat' dir='ltr'><em>M</em></span> <span class='ocrx_word' id='word_1_416' title='bbox 895 5030 926 5081; x_wconf 79' lang='grc'><strong>19</strong></span> <span class='ocrx_word' id='word_1_417' title='bbox 946 5033 1023 5082; x_wconf 85' lang='lat' dir='ltr'>etiarn</span> <span class='ocrx_word' id='word_1_418' title='bbox 1041 5033 1062 5082; x_wconf 90' lang='lat' dir='ltr'>si</span> <span class='ocrx_word' id='word_1_419' title='bbox 1080 5047 1097 5098; x_wconf 79' lang='lat'>3</span> <span class='ocrx_word' id='word_1_420' title='bbox 1116 5002 1155 5083; x_wconf 68' lang='lat' dir='ltr'>rie</span> <span class='ocrx_word' id='word_1_421' title='bbox 1171 5033 1195 5082; x_wconf 89' lang='grc' dir='ltr'><em>Τ</em></span> <span class='ocrx_word' id='word_1_422' title='bbox 1294 5033 1433 5084; x_wconf 87' lang='lat' dir='ltr'>etiamnum</span> <span class='ocrx_word' id='word_1_423' title='bbox 1447 5033 1483 5105; x_wconf 71' lang='lat' dir='ltr'>⁴in</span> <span class='ocrx_word' id='word_1_424' title='bbox 1505 5051 1557 5083; x_wconf 76' lang='lat' dir='ltr'>ras.</span> <span class='ocrx_word' id='word_1_425' title='bbox 1577 5031 1625 5095; x_wconf 61' lang='grc' dir='ltr'>ΡΙ,</span> <span class='ocrx_word' id='word_1_426' title='bbox 1651 5035 1799 5084; x_wconf 83' lang='lat' dir='ltr'>etiamnunc</span> <span class='ocrx_word' id='word_1_427' title='bbox 1819 5027 1849 5082; x_wconf 85' lang='lat' dir='ltr'><em>F</em></span> 
     </span>
    </p>
   </div>
   <div class='ocr_carea' id='block_1_10' title="bbox 195 5110 1847 5703">
    <p class='ocr_par' dir='ltr' id='par_1_14' title="bbox 195 5110 1847 5703">
     <span class='ocr_line' id='line_1_39' title="bbox 195 5110 1847 5219; baseline 0.004 -23"><span class='ocrx_word' id='word_1_428' title='bbox 195 5144 231 5195; x_wconf 90' lang='grc'>20</span> <span class='ocrx_word' id='word_1_429' title='bbox 248 5148 359 5198; x_wconf 88' lang='lat' dir='ltr'>seribere</span> <span class='ocrx_word' id='word_1_430' title='bbox 378 5149 491 5198; x_wconf 85' lang='lat' dir='ltr'>debeatis</span> <span class='ocrx_word' id='word_1_431' title='bbox 509 5148 536 5198; x_wconf 86' lang='lat' dir='ltr'>iu</span> <span class='ocrx_word' id='word_1_432' title='bbox 554 5167 606 5200; x_wconf 80' lang='lat' dir='ltr'>raa.</span> <span class='ocrx_word' id='word_1_433' title='bbox 626 5148 652 5199; x_wconf 91' lang='lat' dir='ltr'><em>P</em></span> <span class='ocrx_word' id='word_1_434' title='bbox 727 5151 841 5203; x_wconf 84' lang='lat' dir='ltr'>debeatis</span> <span class='ocrx_word' id='word_1_435' title='bbox 858 5151 965 5202; x_wconf 69' lang='grc' dir='ltr'><em>ΜΊῸΡ</em></span> <span class='ocrx_word' id='word_1_436' title='bbox 1047 5153 1083 5203; x_wconf 93' lang='lat' dir='ltr'>nil</span> <span class='ocrx_word' id='word_1_437' title='bbox 1100 5155 1150 5204; x_wconf 91' lang='lat' dir='ltr'>iam</span> <span class='ocrx_word' id='word_1_438' title='bbox 1170 5155 1193 5205; x_wconf 80' lang='lat' dir='ltr'><strong><em>C</em></strong></span> <span class='ocrx_word' id='word_1_439' title='bbox 1276 5155 1355 5206; x_wconf 87' lang='lat' dir='ltr'>nichil</span> <span class='ocrx_word' id='word_1_440' title='bbox 1374 5153 1416 5218; x_wconf 82' lang='lat' dir='ltr'>M,</span> <span class='ocrx_word' id='word_1_441' title='bbox 1433 5110 1460 5205; x_wconf 82' lang='lat' dir='ltr'>nl</span> <span class='ocrx_word' id='word_1_442' title='bbox 1482 5150 1512 5204; x_wconf 88' lang='lat' dir='ltr'><em>F</em></span> <span class='ocrx_word' id='word_1_443' title='bbox 1629 5153 1661 5204; x_wconf 89' lang='grc'>21</span> <span class='ocrx_word' id='word_1_444' title='bbox 1681 5151 1847 5219; x_wconf 84' lang='lat' dir='ltr'>significisL</span> 
     </span>
     <span class='ocr_line' id='line_1_40' title="bbox 197 5267 1845 5343; baseline 0.002 -24"><span class='ocrx_word' id='word_1_445' title='bbox 197 5267 756 5334; x_wconf 49' lang='grc' dir='ltr'><strong>22111111ιά118(ΡοεῑΛοοννψκοΟἿΟ</strong></span> <span class='ocrx_word' id='word_1_446' title='bbox 803 5273 892 5324; x_wconf 82' lang='lat' dir='ltr'>itimL</span> <span class='ocrx_word' id='word_1_447' title='bbox 948 5273 1017 5324; x_wconf 73' lang='lat' dir='ltr'>dccet</span> <span class='ocrx_word' id='word_1_448' title='bbox 1033 5275 1100 5325; x_wconf 77' lang='lat' dir='ltr'>velut</span> <span class='ocrx_word' id='word_1_449' title='bbox 1118 5276 1246 5341; x_wconf 87' lang='lat' dir='ltr'>ancipitia,</span> <span class='ocrx_word' id='word_1_450' title='bbox 1263 5277 1384 5343; x_wconf 87' lang='lat' dir='ltr'>ambigua</span> <span class='ocrx_word' id='word_1_451' title='bbox 1440 5294 1501 5327; x_wconf 89' lang='lat' dir='ltr'>eum</span> <span class='ocrx_word' id='word_1_452' title='bbox 1518 5277 1569 5327; x_wconf 81' lang='lat' dir='ltr'>siut</span> <span class='ocrx_word' id='word_1_453' title='bbox 1582 5275 1615 5340; x_wconf 82' lang='lat' dir='ltr'>L,</span> <span class='ocrx_word' id='word_1_454' title='bbox 1631 5276 1716 5327; x_wconf 85' lang='lat' dir='ltr'>desint</span> <span class='ocrx_word' id='word_1_455' title='bbox 1734 5272 1845 5338; x_wconf 73' lang='lat' dir='ltr'>MTOP,</span> 
     </span>
     <span class='ocr_line' id='line_1_41' title="bbox 195 5389 1847 5502; baseline 0.002 -61"><span class='ocrx_word' id='word_1_456' title='bbox 195 5392 288 5471; x_wconf 79' lang='lat' dir='ltr'>desinit</span> <span class='ocrx_word' id='word_1_457' title='bbox 305 5389 334 5441; x_wconf 85' lang='lat' dir='ltr'><em>F</em></span> <span class='ocrx_word' id='word_1_458' title='bbox 342 5391 349 5420; x_wconf 93' lang='lat'><strong>¹</strong></span> <span class='ocrx_word' id='word_1_459' title='bbox 474 5391 509 5443; x_wconf 87' lang='grc'>23</span> <span class='ocrx_word' id='word_1_460' title='bbox 528 5393 592 5444; x_wconf 93' lang='lat' dir='ltr'>illud</span> <span class='ocrx_word' id='word_1_461' title='bbox 610 5411 658 5444; x_wconf 87' lang='lat' dir='ltr'>om.</span> <span class='ocrx_word' id='word_1_462' title='bbox 680 5394 702 5444; x_wconf 79' lang='lat' dir='ltr'><em>C</em></span> <span class='ocrx_word' id='word_1_463' title='bbox 760 5396 863 5502; x_wconf 70' lang='lat' dir='ltr'>dipdieia</span> <span class='ocrx_word' id='word_1_464' title='bbox 880 5395 905 5446; x_wconf 82' lang='lat' dir='ltr'><em>L</em></span> <span class='ocrx_word' id='word_1_465' title='bbox 973 5397 1031 5448; x_wconf 84' lang='lat' dir='ltr'>vale</span> <span class='ocrx_word' id='word_1_466' title='bbox 1049 5414 1097 5447; x_wconf 77' lang='lat' dir='ltr'>ens.</span> <span class='ocrx_word' id='word_1_467' title='bbox 1116 5396 1145 5448; x_wconf 83' lang='lat' dir='ltr'><em>F</em></span> <span class='ocrx_word' id='word_1_468' title='bbox 1262 5394 1295 5446; x_wconf 78' lang='grc'>24</span> <span class='ocrx_word' id='word_1_469' title='bbox 1314 5396 1503 5461; x_wconf 80' lang='lat' dir='ltr'>imeriptioaem</span> <span class='ocrx_word' id='word_1_470' title='bbox 1520 5412 1572 5446; x_wconf 84' lang='lat' dir='ltr'>uno</span> <span class='ocrx_word' id='word_1_471' title='bbox 1589 5412 1664 5446; x_wconf 78' lang='lat' dir='ltr'>uersu</span> <span class='ocrx_word' id='word_1_472' title='bbox 1680 5411 1735 5445; x_wconf 83' lang='lat' dir='ltr'>eac.</span> <span class='ocrx_word' id='word_1_473' title='bbox 1754 5411 1803 5444; x_wconf 80' lang='lat' dir='ltr'>oar.</span> <span class='ocrx_word' id='word_1_474' title='bbox 1822 5392 1847 5444; x_wconf 75' lang='lat' dir='ltr'><em>L</em></span> 
     </span>
     <span class='ocr_line' id='line_1_42' title="bbox 195 5508 1843 5570; baseline 0 -6"><span class='ocrx_word' id='word_1_475' title='bbox 195 5513 303 5565; x_wconf 58' lang='lat' dir='ltr'>alatam</span> <span class='ocrx_word' id='word_1_476' title='bbox 321 5529 369 5562; x_wconf 76' lang='lat' dir='ltr'>ona.</span> <span class='ocrx_word' id='word_1_477' title='bbox 385 5508 416 5562; x_wconf 91' lang='lat' dir='ltr'><em>F</em></span> <span class='ocrx_word' id='word_1_478' title='bbox 516 5511 550 5563; x_wconf 81' lang='grc'>25</span> <span class='ocrx_word' id='word_1_479' title='bbox 568 5515 682 5565; x_wconf 82' lang='lat' dir='ltr'>miehiG</span> <span class='ocrx_word' id='word_1_480' title='bbox 748 5516 892 5568; x_wconf 68' lang='lat' dir='ltr'>soli-utute</span> <span class='ocrx_word' id='word_1_481' title='bbox 910 5535 976 5568; x_wconf 80' lang='lat' dir='ltr'>corr.</span> <span class='ocrx_word' id='word_1_482' title='bbox 994 5525 1022 5567; x_wconf 77' lang='lat' dir='ltr'>at</span> <span class='ocrx_word' id='word_1_483' title='bbox 1038 5534 1061 5568; x_wconf 86' lang='lat' dir='ltr'>u.</span> <span class='ocrx_word' id='word_1_484' title='bbox 1079 5534 1110 5569; x_wconf 83' lang='lat' dir='ltr'>cc</span> <span class='ocrx_word' id='word_1_485' title='bbox 1127 5518 1253 5569; x_wconf 81' lang='lat' dir='ltr'>soliditate</span> <span class='ocrx_word' id='word_1_486' title='bbox 1266 5517 1298 5566; x_wconf 85' lang='grc' dir='ltr'><em>Μ</em></span> <span class='ocrx_word' id='word_1_487' title='bbox 1308 5518 1316 5548; x_wconf 92' lang='lat'><strong>¹</strong></span> <span class='ocrx_word' id='word_1_488' title='bbox 1420 5515 1455 5567; x_wconf 89' lang='grc'>26</span> <span class='ocrx_word' id='word_1_489' title='bbox 1472 5517 1627 5570; x_wconf 74' lang='lat' dir='ltr'>comunione</span> <span class='ocrx_word' id='word_1_490' title='bbox 1645 5534 1665 5566; x_wconf 83' lang='lat' dir='ltr'>r.</span> <span class='ocrx_word' id='word_1_491' title='bbox 1684 5516 1702 5566; x_wconf 84' lang='grc'><strong>1.</strong></span> <span class='ocrx_word' id='word_1_492' title='bbox 1719 5515 1784 5567; x_wconf 81' lang='lat' dir='ltr'>cdd.</span> <span class='ocrx_word' id='word_1_493' title='bbox 1795 5514 1828 5564; x_wconf 81' lang='grc' dir='ltr'><em>Μ</em></span> <span class='ocrx_word' id='word_1_494' title='bbox 1835 5515 1843 5546; x_wconf 92' lang='lat'><strong>¹</strong></span> 
     </span>
     <span class='ocr_line' id='line_1_43' title="bbox 195 5633 1764 5703; baseline 0.001 -18"><span class='ocrx_word' id='word_1_495' title='bbox 195 5634 274 5685; x_wconf 86' lang='lat' dir='ltr'>verba</span> <span class='ocrx_word' id='word_1_496' title='bbox 291 5634 437 5700; x_wconf 83' lang='lat' dir='ltr'>quempiam</span> <span class='ocrx_word' id='word_1_497' title='bbox 454 5635 549 5700; x_wconf 80' lang='lat' dir='ltr'>(prior.</span> <span class='ocrx_word' id='word_1_498' title='bbox 568 5651 594 5684; x_wconf 85' lang='lat' dir='ltr'>nr</span> <span class='ocrx_word' id='word_1_499' title='bbox 611 5651 679 5687; x_wconf 75' lang='lat' dir='ltr'>cras.</span> <span class='ocrx_word' id='word_1_500' title='bbox 699 5633 746 5702; x_wconf 70' lang='grc' dir='ltr'>θ’)</span> <span class='ocrx_word' id='word_1_501' title='bbox 766 5637 789 5688; x_wconf 84' lang='lat'><em>0</em></span> <span class='ocrx_word' id='word_1_502' title='bbox 889 5635 922 5688; x_wconf 83' lang='grc'>27</span> <span class='ocrx_word' id='word_1_503' title='bbox 940 5639 1084 5691; x_wconf 83' lang='lat' dir='ltr'>cordacitus</span> <span class='ocrx_word' id='word_1_504' title='bbox 1101 5636 1126 5703; x_wconf 83' lang='lat' dir='ltr'>(a</span> <span class='ocrx_word' id='word_1_505' title='bbox 1142 5655 1208 5688; x_wconf 83' lang='lat' dir='ltr'>corr.</span> <span class='ocrx_word' id='word_1_506' title='bbox 1228 5637 1256 5687; x_wconf 83' lang='lat' dir='ltr'>in</span> <span class='ocrx_word' id='word_1_507' title='bbox 1274 5637 1283 5688; x_wconf 96' lang='lat' dir='ltr'>i</span> <span class='ocrx_word' id='word_1_508' title='bbox 1301 5636 1349 5687; x_wconf 71' lang='grc' dir='ltr'>Μ’</span> <span class='ocrx_word' id='word_1_509' title='bbox 1361 5635 1409 5701; x_wconf 72' lang='lat' dir='ltr'>T2)</span> <span class='ocrx_word' id='word_1_510' title='bbox 1428 5636 1517 5700; x_wconf 76' lang='lat' dir='ltr'>LMT,</span> <span class='ocrx_word' id='word_1_511' title='bbox 1534 5636 1672 5689; x_wconf 81' lang='lat' dir='ltr'>cordicitus</span> <span class='ocrx_word' id='word_1_512' title='bbox 1691 5635 1764 5687; x_wconf 82' lang='lat' dir='ltr'>OFP</span> 
     </span>
    </p>
   </div>
   <div class='ocr_carea' id='block_1_11' title="bbox 300 5752 1641 5815">
    <p class='ocr_par' dir='ltr' id='par_1_15' title="bbox 300 5752 1641 5815">
     <span class='ocr_line' id='line_1_44' title="bbox 300 5752 1641 5815; baseline -0.003 -6"><span class='ocrx_word' id='word_1_513' title='bbox 300 5759 425 5815; x_wconf 81' lang='lat' dir='ltr'>Sincaius.</span> <span class='ocrx_word' id='word_1_514' title='bbox 1623 5752 1641 5805; x_wconf 93' lang='lat'>8</span> 
     </span>
    </p>
   </div>
   <div class='ocr_carea' id='block_1_12' title="bbox 0 0 2258 6212">
    <p class='ocr_par' dir='ltr' id='par_1_16' title="bbox 0 0 2258 6212">
     <span class='ocr_line' id='line_1_45' title="bbox 0 0 2258 6212; baseline 0 0"><span class='ocrx_word' id='word_1_515' title='bbox 0 0 2258 6212; x_wconf 95' lang='lat' dir='ltr'> </span> 
     </span>
    </p>
   </div>
  </div>
 </body>
</html>
