4462 6216
734 344 842 401 arena
859 346 895 411 ιι,
920 346 1022 400 xnvu
1040 346 1056 414 a
1075 347 1089 400 1
1109 377 1141 385 -
1161 345 1196 399 or
1214 347 1231 414 s
1248 348 1273 400 s.

942 636 1065 701 XLIX.

481 789 756 855 APRUNOULO
780 790 1001 856 EPISCOPO
1024 790 1242 879 RURIGIUS
1266 789 1524 856 EPISOOPUS.

283 906 417 1001 Exsere
448 937 551 1001 mutui
578 936 698 1000 amoris
731 937 868 1001 affectus
899 935 940 1001 ad
971 934 1170 1000 individuam
1194 933 1273 998 mihi
1297 935 1505 999 sanctitatem
1529 941 1671 1000 vestram
1697 938 1766 1000 sola
1790 957 1832 1000 cx
1870 940 1879 997 1

180 1059 279 1102 causa
312 1038 439 1103 litteras
473 1038 658 1119 destinare,
692 1039 822 1103 etiamsi
856 1060 920 1102 non
956 1060 991 1103 se
1025 1038 1153 1104 occasio
1188 1044 1368 1123 opportuna
1409 1039 1599 1123 porrigeret.
1650 1038 1736 1103 unde
1774 1061 1832 1125 per
1864 1042 1884 1102 2

139 1157 151 1193 δ
179 1141 345 1206 hominem
361 1142 419 1205 filii
441 1142 506 1207 mei
521 1141 652 1207 Leontii
675 1142 734 1205 has
757 1141 798 1206 ad
821 1143 1041 1228 apostolatum
1064 1148 1208 1207 vestrum
1232 1140 1318 1221 dedi,
1344 1141 1472 1227 quibus,
1498 1140 1712 1226 sospitatione
1735 1162 1830 1227 prae-

180 1244 257 1325 lata,
282 1264 377 1328 quam
400 1266 443 1309 ex
466 1245 640 1325 sententia,
664 1245 725 1309 deo
748 1244 890 1326 favente,
913 1246 1064 1325 valeatis,
1088 1246 1226 1330 inquiro,
1251 1244 1328 1329 quia
1351 1244 1412 1330 ipsi
1436 1244 1548 1325 nostis,
1572 1244 1832 1310 incolumitatem

181 1353 325 1411 vestram
349 1354 494 1411 nostram
518 1368 592 1412 csse
616 1346 789 1421 laetitiam;
813 1369 958 1433 sperans,
982 1354 1028 1428 ut,
1051 1347 1210 1412 redeunte
1232 1347 1391 1433 praefato,
1415 1368 1475 1411 nos
1494 1347 1638 1411 reddatis
1656 1346 1696 1412 do
1712 1346 1831 1411 vostris

182 1449 309 1514 actibus
334 1449 476 1534 propitia
498 1449 667 1514 divinitate
692 1471 835 1530 securos,
859 1471 940 1535 quos
965 1448 1082 1515 videtis
1106 1471 1180 1515 esse
1204 1449 1245 1515 de
1269 1450 1485 1536 prosperitate
1509 1451 1678 1516 sollicitos.

986 1741 1023 1807 L.

493 1894 710 1960 RURIOIUS
733 1895 982 1962 EPISGOPUS
1006 1895 1270 1962 OERAUNIAE
1295 1895 1516 1962 SALUTEM.

287 2012 352 2104 Dr.
383 2040 615 2119 sincerissima,
649 2062 714 2126 qua
747 2063 805 2106 uos
839 2063 897 2127 pro
929 2044 1131 2128 benignitate
1162 2044 1261 2108 animi
1290 2045 1337 2108 tui
1367 2064 1433 2108 non
1464 2066 1522 2130 pro
1554 2043 1675 2109 nostris
1707 2042 1830 2106 meritis
1868 2046 1880 2105 1

180 2144 325 2229 dignaris
355 2145 508 2208 excolcrc
538 2144 571 2207 in
601 2142 746 2226 domino,
776 2146 911 2210 caritate
944 2145 1126 2228 confidens,
1158 2168 1291 2212 securus
1320 2147 1380 2212 has
1409 2147 1451 2212 ad
1475 2148 1719 2212 venerationem
1743 2151 1831 2211 tuam

180 2246 302 2325 direxi,
334 2247 450 2332 quibus
473 2247 505 2310 in
529 2246 659 2311 domino
683 2269 721 2312 ac
745 2246 806 2313 deo
830 2255 942 2313 nostro
964 2250 1104 2315 salutem
1133 2250 1266 2315 uberem
1296 2250 1426 2330 dicens,
1455 2251 1644 2337 specialiter
1673 2269 1767 2334 rogo,
1796 2255 1833 2313 ut

179 2370 219 2414 ea
242 2370 325 2434 quae
348 2371 408 2435 pcr
434 2370 564 2414 servum
586 2356 732 2414 vestrum
755 2350 941 2416 Amandum
972 2354 1071 2419 verbo
1102 2355 1258 2434 reseravi,
1292 2356 1319 2418 si
1348 2356 1505 2441 possibile
1537 2361 1602 2434 est,
1632 2354 1727 2419 nobis
1759 2354 1829 2418 sino

127 2468 151 2505 1⁵
179 2452 336 2517 dilatione
365 2460 535 2539 praestare
565 2452 760 2538 dignemini;
793 2455 870 2541 quia
898 2455 980 2521 haec
1008 2478 1061 2520 res
1094 2463 1128 2521 et
1150 2478 1209 2520 nos
1232 2458 1379 2523 relevare
1402 2464 1511 2545 potest
1534 2464 1567 2524 et
1590 2458 1683 2524 vobis
1707 2456 1833 2521 nullum

178 2562 286 2643 potest
308 2557 426 2621 afferre
450 2556 666 2643 dispendium,
690 2557 777 2643 quod
801 2580 863 2645 cgo
886 2581 945 2646 pro
970 2559 1128 2624 beneficio
1154 2561 1296 2624 maximo
1317 2563 1522 2647 computabo.
1563 2564 1692 2643 iterum,
1716 2561 1749 2625 in
1769 2581 1831 2645 quo
1864 2561 1884 2621 2

180 2660 342 2724 iusseritis
366 2660 418 2724 vol
441 2682 518 2724 usus
542 2663 703 2746 exegerit,
727 2662 831 2727 vicem
857 2663 1033 2749 reciprocis
1057 2663 1223 2749 obsequiis
1248 2685 1427 2749 repensare
1452 2658 1656 2730 contendam.

893 2981 904 2998 ‘
977 2967 1035 3032 LI.

393 3123 608 3188 RURIOIUS
631 3121 877 3187 EPISOOPUS
903 3121 1128 3187 CENSORIO
1152 3123 1375 3189 Episcopo
1400 3123 1620 3189 SALUTEM.

67 3344 71 3350 ⁶
128 3273 154 3313 2⁰
283 3242 450 3334 errsnns
465 3270 649 3334 sanctitatis
667 3276 804 3349 vestrae,
829 3269 892 3334 ctsi
908 3291 967 3355 per
982 3271 1199 3350 occasionem,
1221 3271 1390 3357 accepisse
1407 3292 1459 3337 me
1475 3272 1629 3357 gratulor.
1667 3273 1832 3336 nonenim
1868 3275 1878 3334 l

180 3373 333 3453 interest,
363 3380 471 3437 utrum
494 3395 536 3438 ex
560 3373 759 3438 necessitate
786 3380 843 3438 aut
873 3395 916 3437 ex
940 3374 1121 3453 voluntate,
1152 3373 1325 3439 dummodo
1358 3376 1444 3440 inter
1474 3396 1510 3439 se
1542 3374 1683 3440 invicem
1713 3375 1769 3461 qui
1797 3396 1833 3439 se

181 3474 321 3561 diligunt
351 3477 575 3561 colloquantur
605 3484 639 3542 et
669 3496 751 3560 quos
783 3498 919 3563 corpore
950 3479 1095 3542 locorum
1125 3479 1297 3543 intervalla
1326 3478 1551 3543 discriminant
1582 3477 1764 3543 animorum
1795 3498 1833 3543 ac

182 3600 337 3644 sensuum
373 3580 536 3665 colloquia
571 3579 635 3644 lida
671 3580 887 3665 coniungant;
927 3582 1003 3666 quia
1033 3582 1095 3646 boc
1125 3581 1219 3647 uobis
1251 3582 1405 3667 generale
1436 3582 1489 3646 vel
1521 3580 1700 3645 maximum
1732 3580 1833 3644 virtus

182 3682 312 3747 divinae
334 3683 466 3769 pictatis
490 3683 636 3763 indulsit,
667 3689 703 3747 ut
726 3684 779 3769 qui
804 3704 863 3747 nos
886 3690 1022 3770 aspectu
1046 3685 1170 3749 carnali
1201 3706 1267 3749 uon
1295 3705 1469 3771 possumus
1499 3684 1663 3765 contueri,
1694 3683 1834 3770 spiritali

129 3797 154 3836 2⁵
182 3806 353 3850 cernamus
377 3787 502 3851 obtutu.
548 3785 651 3865 unde,
681 3785 839 3851 redeunte
868 3788 982 3871 gerulo
1013 3787 1210 3869 litterarum,
1240 3787 1313 3866 has,
1346 3788 1431 3852 sicut
1460 3787 1665 3866 iniunxistis,
1695 3785 1832 3851 reddere
1865 3789 1885 3849 2

182 3890 369 3974 procuravi,
399 3895 436 3953 ut
466 3896 499 3954 et
529 3888 740 3952 sollicitudini
767 3900 897 3954 vestrae
927 3895 961 3954 ct
990 3895 1123 3954 mutuae
1148 3891 1276 3955 caritati
1298 3892 1421 3977 pariter
1451 3888 1695 3976 responderem.
1741 3890 1832 3953 salve
1865 3892 1884 3952 3

183 3993 292 4077 itaque
315 3991 512 4077 apostolatui
536 3996 644 4055 vestro
667 3992 843 4076 plurimum
866 3990 1016 4078 dependo
1040 3998 1074 4056 et
1097 3992 1157 4055 hoo
1182 3994 1266 4079 quod
1289 3993 1438 4079 apicibus
1466 4013 1613 4057 meorum
1645 3991 1832 4057 testimonio

182 4096 332 4160 voluistis
350 4116 543 4179 agnoscere,
566 4100 673 4158 utrum
691 4093 830 4159 Sindilla
845 4115 962 4181 porcos
979 4116 1056 4160 suos
1073 4094 1231 4181 prudente
1249 4096 1426 4162 Foedamio
1444 4095 1651 4182 perdidisset,
1675 4095 1832 4159 noveritis

183 4221 236 4264 mc
266 4198 353 4284 apud
382 4199 529 4263 homines
563 4220 667 4277 meos,
702 4198 759 4263 ubi
791 4199 938 4279 fuerunt,
972 4198 1146 4284 diligenter
1175 4200 1388 4284 perquisisse.
1438 4198 1513 4278 sed,
1548 4199 1633 4262 sicut
1664 4204 1739 4264 ante
1768 4198 1833 4261 iam
1866 4202 1884 4261 4

129 4316 155 4355 ³⁰
181 4324 346 4384 noveram,
376 4304 478 4387 magis
502 4308 535 4366 et
556 4301 636 4366 istos
660 4300 815 4379 laborem,
843 4301 984 4365 faciente
1006 4301 1152 4366 facinore
1177 4301 1345 4381 Sindillae,
1370 4323 1544 4388 perpessos
1570 4321 1643 4366 csso
1668 4307 1700 4364 et
1724 4303 1830 4387 ipsum

182 4430 299 4493 porcos
324 4430 400 4471 suos
424 4429 482 4493 per
505 4406 755 4493 perversitatem
778 4426 884 4488 suam,
914 4405 990 4470 dum
1013 4405 1054 4470 de
1078 4405 1218 4471 adversa
1240 4413 1334 4492 parte
1358 4426 1433 4470 csse
1458 4426 1493 4469 se
1518 4405 1659 4481 iactitat,
1683 4404 1833 4467 amisisse

183 4512 337 4595 cognovi;
369 4517 514 4576 ceterum
535 4511 721 4596 praelatum
744 4508 955 4574 Foedamium
979 4510 1027 4574 illi
1057 4511 1089 4574 in
1119 4511 1208 4575 nullo
1239 4511 1450 4596 culpabilem,
1480 4531 1555 4574 narn
1584 4510 1670 4595 quod
1700 4508 1833 4596 pertulit

184 4615 264 4678 nulli
294 4615 349 4678 alii
378 4615 440 4679 nisi
468 4613 531 4677 sibi
553 4613 653 4679 debet
685 4636 727 4679 ex
760 4613 909 4678 omnibus
941 4611 1115 4700 imputare.
1166 4615 1199 4678 in
1233 4635 1297 4700 qua
1332 4633 1431 4678 causa
1466 4619 1623 4698 quantum
1659 4634 1721 4697 ego
1755 4633 1832 4676 con·
1866 4614 1885 4674 5

182 4719 396 4804 templationc
426 4719 539 4796 vostri,
570 4724 606 4780 ut
635 4717 785 4783 homines
816 4718 917 4783 vestri
945 4724 1002 4782 aut
1024 4740 1044 4782 a
1068 4718 1214 4783 custodia
1243 4719 1462 4783 liberarentur
1489 4724 1546 4782 aut
1568 4738 1685 4804 porcos
1709 4723 1834 4782 vostros

130 4834 155 4874 ³⁵
181 4823 381 4907 reciperent,
419 4822 651 4902 laboraverim,
686 4823 766 4907 ipsis
799 4821 864 4886 iam
898 4821 1134 4897 referentibus,
1168 4823 1297 4909 plenius
1329 4821 1483 4908 potuistis
1515 4841 1713 4906 agnoscere3
1748 4818 1834 4904 quod

285 5028 302 5080 3
320 5028 363 5097 ex]
378 5027 412 5089 G,
429 5047 459 5081 ea
476 5031 540 5082 coni.
555 5030 697 5081 Momm
799 5029 817 5080 4
835 5030 951 5082 distineri
965 5025 992 5081 G
1060 5026 1211 5097 porrigeret]
1230 5031 1330 5096 scripsi,
1353 5031 1495 5097 porregerit
1508 5026 1542 5094 G,
1560 5030 1701 5097 porrexerit
1715 5027 1835 5079 canam

182 5115 199 5169 5
216 5118 296 5169 leonti
309 5114 335 5168 G
413 5119 510 5185 praelat
525 5113 551 5168 G
663 5115 679 5167 6
697 5118 763 5168 nosti
778 5114 804 5168 G
915 5115 933 5167 8
950 5113 993 5182 de]
1011 5133 1059 5167 ona
1074 5112 1100 5168 G
1214 5113 1248 5167 10
1265 5116 1415 5166 meraunias
1432 5111 1458 5166 G
1572 5112 1604 5165 11
1627 5111 1690 5180 qua]
1709 5131 1725 5166 a
1742 5130 1794 5179 qua
1810 5108 1837 5164 G

183 5201 216 5254 12
237 5205 384 5256 uanticnem
404 5201 429 5256 G
534 5201 567 5254 14
583 5201 706 5271 reseraui]
726 5203 877 5266 Memorem,
893 5203 997 5270 aperaui
1017 5198 1055 5253 G:
1078 5204 1158 5254 uarbo
1179 5202 1320 5254 mandastis
1338 5202 1413 5268 infra
1430 5200 1472 5264 II,
1489 5203 1523 5252 63
1629 5198 1661 5251 16
1685 5200 1835 5252 benefitium

182 5308 250 5342 corr.
262 5291 382 5342 benefitio
396 5287 436 5341 G¹
491 5288 611 5356 maximo]
631 5307 723 5342 econ.
736 5284 778 5340 G¹
872 5287 904 5339 li
923 5289 1032 5355 exigerit
1045 5284 1072 5340 G
1163 5288 1195 5341 19
1212 5284 1372 5341 censurioG
1462 5283 1497 5336 22
1514 5303 1579 5352 quos
1598 5312 1630 5322 -
1649 5281 1834 5351 discriminant]

182 5377 216 5442 cf.
228 5393 310 5441 supra
323 5375 364 5438 II,
377 5380 408 5426 10
493 5374 528 5426 24
546 5373 659 5442 diuinae]
672 5375 832 5442 bajolans,
849 5371 977 5441 diuillacta
990 5371 1016 5425 G
1034 5375 1073 5438 {in
1091 5375 1203 5426 transitu
1214 5392 1232 5426 c
1240 5375 1344 5441 pagina
1355 5373 1393 5424 od
1402 5371 1547 5439 papinum),
1565 5372 1609 5423 diu
1620 5373 1701 5423 iactae
1715 5371 1835 5424 Οιιηίιίω

181 5459 216 5512 28
234 5458 369 5527 prudente]
383 5457 417 5523 G,
434 5461 557 5527 prodente
574 5462 638 5513 coni.
650 5461 801 5528 laujotmm
916 5457 951 5511 30
968 5460 1081 5512 facinore
1099 5458 1226 5527 sindillae]
1239 5461 1391 5521 lllcmmaea,
1409 5459 1473 5510 lacis
1490 5459 1585 5509 indilae
1599 5454 1633 5521 G,
1649 5459 1708 5525 paci
1725 5458 1835 5509 sindilas

185 5547 303 5599 θαηίεἱιιε
373 5544 547 5613 perpessusG
651 5547 683 5599 31
703 5545 756 5615 per]
774 5564 823 5598 ona.
837 5543 863 5597 G
966 5543 1001 5597 33
1018 5543 1077 5611 eibi]
1095 5563 1144 5597 om.
1155 5542 1190 5609 G,
1207 5546 1292 5612 suppl.
1310 5543 1461 5610 Littjolrona
1530 5544 1662 5610 quandum
1681 5541 1707 5595 G
1775 5561 1834 5596 con·

182 5633 341 5700 temptationi
361 5628 387 5683 G
490 5629 525 5684 35
547 5633 683 5699 raciperint
705 5629 731 5684 G
798 5633 918 5699 ipsos-
936 5634 1075 5686 relerentes
1095 5628 1129 5696 G,
1151 5633 1208 5700 ipso
1225 5659 1258 5668 -
1277 5633 1403 5685 referente
1421 5631 1486 5683 coni.
1499 5630 1643 5682 Mammea

287 5749 415 5804 Smourus.
1205 5822 1207 5827 γ
1594 5745 1630 5800 44

1887 648 1921 720 G
