4462 6216
947 329 1084 384 subeam
1101 330 1298 384 cantum

591 516 628 553 Ἀἵ
661 523 799 587 quorum
823 501 910 565 forte
932 503 1022 588 prior
1043 502 1121 587 tuga
1143 524 1203 567 nos
1226 509 1437 568 concusserat
1458 505 1545 573 olim,
1657 582 1661 586 ι

659 606 710 668 bis
732 607 839 668 victos
860 604 1021 691 prodesse
1044 604 1157 670 mihi.’'
1201 607 1247 671 sic
1269 607 1366 683 latur,
1390 615 1424 671 et
1445 609 1502 673 ille

658 709 827 793 pollicitus
848 717 961 772 retum
984 709 1064 773 iecit
1085 730 1185 794 spem.
1231 710 1380 795 protinus
1402 710 1479 775 inde

659 813 825 875 avolaret
847 812 989 876 famulas
1013 814 1044 876 in
1067 813 1194 899 proelia
1216 814 1360 876 concitat
1382 815 1457 880 iras.

659 915 752 978 ibant
774 917 908 1002 pellitae
931 925 1006 1002 pest
1028 917 1169 980 classica
1191 915 1334 981 Romula
1355 923 1492 997 turmae,

590 1034 630 1069 ἴ»
660 1018 701 1082 ad
724 1040 843 1083 nomen
868 1028 1020 1084 comente
1042 1018 1143 1087 Geta:
1166 1020 1260 1083 timet
1282 1040 1358 1084 acre
1381 1021 1489 1084 vocari

659 1120 798 1199 dirutus,
822 1122 1044 1208 opprobrium.¹
1068 1143 1131 1186 non
1154 1121 1308 1186 damnum
1331 1123 1490 1187 barbarus
1514 1123 1660 1191 horrens.

661 1227 720 1289 hes
742 1226 783 1290 ad
807 1227 894 1291 bella
917 1225 1018 1290 trahit
1041 1227 1105 1290 iam
1129 1234 1197 1291 tum
1221 1248 1298 1312 spes
1321 1227 1408 1291 orbis
1432 1229 1558 1295 Avitus.

662 1332 712 1395 rel
736 1332 802 1394 iam
824 1333 971 1418 privatus
994 1331 1047 1395 vel
1070 1329 1187 1394 adhue.
1233 1332 1280 1394 sie
1302 1331 1450 1394 cinnama
1474 1331 1572 1395 busto

663 1435 755 1499 collis
775 1434 948 1519 Erythraei
972 1444 1104 1521 portans
1127 1434 1314 1498 Phoebeius
1338 1436 1408 1499 ales

596 1554 631 1589 222
663 1539 805 1601 eoncitat
828 1559 925 1602 omne
948 1540 1056 1601 avium
1082 1537 1215 1622 vulgus:
1237 1538 1429 1602 famulantia
1453 1546 1587 1602 eurmnt

660 1643 803 1725 agmina,
825 1651 859 1705 et
882 1650 1041 1726 angustus
1065 1662 1190 1727 pennas
1212 1661 1277 1704 non
1301 1643 1446 1727 explieat
1467 1663 1534 1706 aer.

708 1745 777 1809 lam
801 1765 904 1832 prope
926 1745 995 1809 iata
1017 1746 1064 1808 tui
1089 1746 1138 1810 bis
1161 1766 1259 1810 senas
1283 1746 1422 1809 vulturis
1445 1747 1515 1810 alas

661 1849 870 1936 complebant
892 1848 974 1933 (scis
998 1869 1139 1934 namque
1163 1856 1249 1928 tuos,
1272 1849 1346 1928 scis,
1370 1848 1485 1919 Roma,
1510 1849 1672 1934 labores):

661 1955 791 2018 Aetium
816 1953 969 2017 Placidus
992 1954 1146 2017 mactarit
1169 1954 1304 2017 semivir
1325 1975 1449 2018 amens.

593 2074 630 2106 ⁷1*
665 2059 784 2142 vixque
807 2064 864 2119 tuo
886 2057 1072 2141 impositum
1096 2057 1194 2143 capiti
1218 2056 1379 2135 diadema,
1403 2057 1553 2122 Petroni:

661 2161 737 2224 ilico
762 2160 941 2237 barbaries,
964 2182 1025 2224 nec
1048 2181 1112 2224 non
1137 2160 1200 2223 sibi
1224 2169 1321 2247 capta
1343 2159 1445 2225 videri

661 2263 763 2328 ltoma
786 2262 881 2327 Getis
905 2264 1069 2349 tellusque
1093 2285 1153 2328 sue
1176 2285 1311 2329 cessura
1333 2266 1444 2331 furori.

662 2379 808 2455 raptores
832 2390 891 2432 eeu
918 2368 1002 2432 torte
1026 2369 1105 2455 lupi.
1129 2368 1201 2454 quis
1224 2390 1303 2433 nare
1327 2371 1438 2454 sagaci

661 2480 823 2537 monstrat
845 2472 924 2537 odor
946 2475 1100 2560 pinguem
1125 2473 1244 2537 clausis
1268 2473 1309 2537 ab
1332 2474 1473 2538 ovilibus
1496 2495 1619 2541 auram.

664 2576 789 2641 irritant
812 2585 998 2661 acuuntque
1022 2576 1141 2640 tamem
1166 2582 1363 2662 portantque
1387 2580 1520 2662 rapinae

662 2680 694 2743 in
722 2681 811 2744 vultu
835 2681 991 2766 speciem,
1015 2680 1128 2767 patulo
1151 2680 1273 2744 ieiunia
1295 2682 1379 2744 rictu

662 2783 833 2851 indentes:
858 2785 921 2847 iam
947 2784 1076 2867 iamque
1100 2789 1194 2848 tener
1216 2805 1275 2869 spe
1299 2784 1459 2869 frangitur
1481 2806 1596 2869 agnus.

662 2894 760 2973 atique
783 2887 906 2950 absens
929 2887 1025 2950 avide
1049 2887 1189 2973 crepitat
1211 2888 1275 2951 iam
1299 2889 1421 2973 pracda
1444 2888 1564 2974 palato.

661 2992 737 3075 quin
763 3000 797 3056 et
819 2991 1030 3055 Aremoricus
1054 2992 1192 3076 piratam
1218 2991 1350 3055 Saxona
1373 3000 1496 3057 tractus

594 3108 631 3143 ’Μ
664 3095 830 3180 sperabat,
855 3094 905 3159 coi
930 3095 1016 3181 pelle
1041 3095 1145 3158 salum
1169 3095 1296 3159 sulcare
1320 3094 1512 3159 Britannum

663 3197 759 3262 lodus
782 3207 816 3261 et
839 3205 950 3262 assuto
973 3198 1123 3283 glaucum
1148 3217 1238 3262 marc
1261 3197 1385 3262 findere
1408 3199 1526 3264 lembo.

665 3298 810 3363 l'rnneus
833 3301 1031 3364 Germanum
1056 3300 1194 3385 primum
1218 3300 1421 3386 Belgamque
1446 3301 1625 3367 seeundum

663 3403 842 3482 stirmebat,
866 3402 1083 3488 Rhenumque
1107 3404 1212 3483 ferox,
1234 3405 1429 3484 Alamanne,
1453 3405 1590 3469 bibebas

662 3504 798 3570 ltomani
818 3507 897 3592 ripis
921 3514 954 3571 et
976 3515 1115 3592 utroque
1138 3507 1301 3593 superbus
1325 3509 1357 3572 in
1381 3529 1459 3593 agro

591 3623 629 3660 ⁷1³2
664 3610 714 3674 vsrl
739 3611 820 3674 civis
844 3612 895 3675 vel
919 3612 1024 3675 victer
1046 3632 1130 3677 eras.
1176 3611 1235 3677 sed
1258 3612 1385 3697 perdita
1408 3634 1547 3678 cernens

661 3722 820 3778 terramm
844 3715 950 3799 spatia
972 3715 1126 3801 princeps
1150 3716 1215 3780 iam
1238 3715 1413 3796 Maximus,
1437 3737 1538 3780 unum

661 3817 747 3902 (quod
770 3818 833 3882 luit
856 3820 888 3881 in
904 3818 1014 3896 rebus,
1039 3818 1250 3903 peditumque
1268 3821 1475 3905 equitumque
1491 3821 1682 3904 magistrum

664 3930 696 3985 te
719 3922 792 4002 sibi,
815 3922 924 4001 Avite,
948 3922 1040 4007 legit.
1085 3923 1197 3987 collati
1221 3943 1330 3986 rumor
1352 3922 1484 3988 honoris

661 4026 785 4089 invenit
808 4025 1000 4110 agricolam,
1022 4026 1100 4090 flexi
1123 4026 1200 4089 dum
1223 4027 1308 4091 torte
1331 4027 1450 4112 ligonis

602 4147 627 4178 κν
660 4138 793 4194 «excercet
816 4128 932 4194 dentes
957 4130 1010 4194 vel
1036 4129 1144 4216 pando
1168 4151 1288 4216 pronus
1312 4138 1419 4195 aratro

661 4236 757 4300 vertit
781 4235 989 4301 inexcoctam
1015 4257 1074 4323 per
1097 4237 1231 4323 pinguia
1254 4238 1367 4322 iugera
1390 4237 1551 4322 glaebam.

658 4341 705 4404 sie
730 4340 894 4426 quondam
918 4340 958 4405 ad
982 4342 1111 4427 patriae
1135 4363 1188 4407 res
1213 4342 1334 4406 tractas
1357 4364 1481 4429 pauper
1503 4350 1622 4411 arctor.

658 4442 866 4527 (lineinnate,
889 4446 993 4525 venis,
1019 4452 1166 4511 veterem
1191 4467 1263 4511 cum
1287 4453 1320 4510 te
1344 4446 1449 4511 induit
1471 4467 1556 4510 uxor

659 4558 736 4615 sinte
761 4548 862 4615 hoves
885 4548 1030 4615 trabeam
1055 4547 1312 4634 dictatoremque
1336 4549 1482 4633 salignae

588 4669 625 4706 a>
659 4672 823 4741 «excepere
846 4651 934 4716 tores
958 4659 1056 4738 atque
1079 4651 1120 4717 ad
1144 4673 1205 4717 sua
1227 4659 1316 4717 tecta
1338 4652 1498 4716 terentem

655 4754 741 4845 quiid
766 4776 830 4821 non
855 4757 1008 4844 persevit,
1032 4757 1183 4843 turpique
1208 4778 1225 4821 e
1249 4756 1338 4820 fasee
1362 4761 1499 4840 gravata

658 4861 720 4927 sile
744 4859 951 4948 triumphalis
974 4862 1118 4949 portavit
1140 4881 1287 4948 purpura
1311 4880 1433 4925 semen.

396 5060 443 5117 W.
463 5064 549 5113 sistus.
566 5054 794 5114 restituendaim
811 5052 1033 5107 stvslssMTFe'
1090 5054 1170 5120 prelio
1184 5053 1211 5117 0,
1228 5051 1383 5121 praemiat*
1481 5048 1533 5102 349
1550 5048 1723 5103 claustralib
1820 5048 1872 5102 352
1889 5060 1945 5104 tum

286 5172 336 5213 ,m
359 5152 373 5195 l
496 5148 548 5199 555
565 5156 615 5199 turn
638 5142 665 5195 Μ
779 5138 829 5194 tlte
848 5141 947 5210 mythol
968 5139 1017 5191 eff
1093 5140 1229 5208 pholheius
1249 5140 1289 5190 C·
1400 5136 1452 5188 355
1469 5138 1580 5188 concitat
1597 5134 1683 5203 omne]
1701 5138 1737 5187 ric
1754 5138 1782 5187 in
1800 5154 1881 5203 marg.
1895 5137 1946 5201 ΡΙ,

285 5244 462 5313 amplerum)
480 5235 561 5303 (surm
585 5243 593 5285 t
612 5246 638 5283 m
657 5250 671 5279 c
690 5236 805 5281 rrrrrrcla
823 5229 862 5279 sel
880 5228 996 5293 invicem)
1014 5228 1041 5278 in
1059 5244 1112 5279 ras.
1132 5226 1173 5278 ΙΝ
1192 5228 1225 5294 cs.
1245 5228 1297 5278 358
1377 5226 1465 5277 avium
1483 5220 1587 5290 vulgum]
1610 5239 1687 5274 avum
1705 5239 1789 5289 genus
1806 5224 1902 5290 vulgus
1919 5222 1950 5275 F

292 5332 338 5387 w
356 5338 400 5381 ras
426 5322 469 5379 btv
594 5318 644 5371 :sn
666 5316 841 5387 consapientium
863 5314 889 5367 d'
998 5312 1049 5364 555
1071 5315 1184 5365 uetlrinm
1208 5313 1257 5376 Tc,
1281 5313 1379 5363 ethium
1397 5310 1426 5361 F
1500 5310 1625 5376 placidius
1645 5307 1711 5359 ΟΨ
1785 5311 1897 5361 sacrarit
1914 5309 1950 5360 M

290 5436 374 5477 ,ΜΝ
391 5413 418 5475 l]
440 5412 529 5465 ssim
545 5406 572 5460 sl
658 5404 705 5459 551
730 5422 779 5458 rum
799 5422 847 5455 ensa
863 5402 891 5455 M
982 5400 1032 5454 554
1050 5402 1162 5454 clnrrscm
1178 5402 1200 5452 (J
1284 5397 1335 5449 555
1352 5415 1491 5465 acnunqne
1506 5398 1551 5460 0⁸,
1568 5395 1706 5448 uerruntF
1789 5395 1840 5449 366
1857 5398 1908 5448 ritn
1925 5397 1951 5447 Τ

289 5508 334 5567 tif!
358 5518 485 5577 μήνιμα
509 5496 532 5551 l*
650 5492 702 5546 :tte
725 5491 840 5562 crepltsll
865 5507 904 5543 orn
925 5505 985 5560 prso
1003 5489 1086 5558 peloro
1107 5488 1137 5538 sl!
1252 5484 1303 5538 369
1326 5487 1392 5537 Cuin
1413 5485 1435 5536 O
1513 5485 1593 5551 pirate
1610 5483 1645 5534 M
1756 5479 1806 5534 371
1829 5484 1897 5534 lidus
1915 5483 1946 5534 M

284 5600 383 5655 man
415 5588 435 5644 Ι·
534 5580 662 5635 555551
792 5572 844 5631 tttlt
867 5576 1002 5631 stamme
1025 5575 1049 5627 'l'
1173 5571 1225 5626 374
1247 5575 1367 5626 ltomunis
1384 5573 1458 5638 salpe
1554 5579 1692 5637 utrumque
1710 5568 1753 5633 M,
1778 5578 1903 5636 anuoqm
1920 5569 1951 5621 F

287 5686 336 5745 pst,
351 5698 421 5735 ,μμ
443 5674 496 5739 stc,
519 5682 596 5727 sums
615 5668 639 5725 ‘l‘
739 5662 790 5723 ott
809 5664 900 5734 tntum}
920 5664 985 5719 loss
1004 5662 1028 5715 l'
1128 5659 1178 5715 :tlt
1197 5662 1363 5730 equitumque
1380 5676 1428 5711 em.
1444 5658 1466 5710 O
1566 5654 1617 5708 378
1634 5654 1722 5708 tibiF
1820 5653 1872 5707 386
1888 5673 1946 5725 per·

281 5782 383 5837 miss-er
407 5762 440 5833 5,
459 5755 636 5841 promti(
701 5766 725 5811 nt
747 5752 776 5811 51
878 5748 929 5807 stol
949 5751 1006 5807 sido
1030 5749 1063 5804 ‘1¹¹
