4462 6216
391 346 451 406 lOO
1012 339 1149 397 SIDONII
1167 337 1428 396 EPISTULARUM

389 534 486 599 quem
510 535 570 578 nos
592 519 728 605 propter
749 513 833 578 hanc
856 515 961 600 ipsam
985 514 1204 600 paenitudinis
1222 514 1424 580 celeritatem
1439 531 1505 575 non
1526 509 1728 597 increpativa
1744 509 1803 576 sed
1819 510 2041 576 consolatorie

337 620 357 680 2
390 617 499 704 potius
523 616 721 703 compellare
745 617 950 697 curavimus,
982 618 1058 703 quia
1080 619 1279 683 vicinaretur
1305 615 1513 681 innocentiae
1536 615 1692 680 festinata
1715 614 1886 680 correctio.
1932 634 2039 700 nequa

388 721 476 786 cuim
499 721 672 806 quisquam
695 721 795 786 etiam
818 719 882 785 sibi
906 720 991 786 bene
1016 722 1166 786 conscius
1182 721 1255 807 plus
1272 721 1383 785 facere
1400 718 1629 806 praesumpsit,
1652 718 1678 782 si
1694 718 1767 802 quis
1784 726 1894 784 tamen
1911 725 2041 784 vestrae

390 825 606 910 correptionis
630 823 768 889 orbitam
790 844 857 889 non
879 824 1027 908 reliquit,
1050 825 1170 911 quippe
1194 845 1267 889 cum
1291 843 1331 888 ca
1353 824 1439 908 ipsa,
1463 843 1547 907 quae
1570 820 1726 906 legimus,
1749 821 1915 907 parcentis
1938 820 2041 886 verbs

394 948 554 992 censurae
577 948 731 992 maxuma
753 926 993 993 emendationis
1017 927 1229 993 incitamenta
1251 927 1326 992 sint.
1372 924 1546 1011 namquid
1574 931 1687 1011 potest
1717 946 1791 991 esse
1814 923 2040 1011 castigationis
2081 939 2094 976 ⁵

391 1030 528 1096 huiusce
562 1037 677 1097 tenore
711 1031 908 1117 pretiosius,
943 1032 975 1095 in
1006 1052 1071 1117 qua
1099 1032 1184 1097 forte
1215 1037 1351 1117 peccato
1381 1030 1509 1095 animus
1540 1049 1642 1113 aeger
1671 1029 1816 1115 repperit
1844 1029 2041 1095 intrinsecus

337 1136 356 1196 3
388 1134 580 1215 remedium,
604 1156 678 1199 cum
695 1156 760 1199 uon
775 1136 900 1201 valeret
916 1136 1121 1201 extrinsecus
1141 1135 1288 1201 invenire
1305 1134 1509 1200 convicium?
1532 1130 1619 1218 quod
1635 1139 1796 1220 superest,
1819 1133 2041 1214 obsecramus,

388 1244 424 1302 ut
446 1238 563 1303 crebra
585 1238 749 1318 oratione,
776 1260 835 1327 per
862 1259 959 1324 quam
982 1239 1069 1304 vitiis
1097 1238 1248 1304 omnibus
1278 1238 1419 1303 immane
1442 1235 1669 1318 dominamini,
1699 1257 1759 1301 nos
1782 1257 1926 1322 quoque,
1956 1238 2041 1302 sicut

388 1341 600 1426 euangelicos
625 1362 741 1427 magos
766 1363 932 1408 remeasse
954 1341 1163 1408 manifestum
1187 1349 1253 1423 est,
1276 1342 1329 1407 vel
1353 1343 1418 1406 iam
1441 1362 1527 1406 nunc
1550 1360 1609 1427 per
1631 1340 1727 1405 aliam
1747 1340 1834 1406 viam
1857 1362 1984 1407 morum
2007 1341 2041 1406 in

387 1445 558 1511 beatomm
582 1445 720 1531 patriam
744 1444 851 1511 redire
874 1445 1014 1510 faciatis.
1058 1466 1164 1533 paene
1187 1445 1375 1526 omiseram,
1399 1444 1485 1529 quod
1508 1444 1642 1509 minime
1665 1444 1941 1530 praetereundum
1964 1444 2040 1509 suit:
2069 1458 2096 1497 1⁰

388 1549 477 1634 agite
499 1548 622 1632 gratias
644 1549 854 1629 Innocentio,
884 1547 1057 1635 spectabili
1079 1549 1166 1629 viro,
1189 1549 1260 1632 qui,
1283 1553 1318 1612 ut
1343 1548 1601 1633 praeceperatis,
1625 1549 1754 1613 naviter
1779 1569 1903 1615 morem
1936 1547 2041 1632 gessit

389 1653 553 1720 iniunctis.
599 1674 724 1718 memor
745 1653 848 1718 nostri
872 1675 945 1718 csso
969 1652 1116 1738 dignare,
1139 1651 1270 1718 domine
1293 1673 1388 1739 papa.

1192 1977 1234 2044 Χ.

676 2131 889 2199 SIDONIUS
912 2131 1091 2198 DOMINO
1115 2131 1264 2227 PAPAE
1289 2131 1513 2200 CENSORIO
1538 2132 1761 2201 SALUTEM.

340 2275 351 2334 1
492 2247 656 2345 Ganunuu
680 2279 859 2343 litterarum
884 2278 1007 2344 levitici
1031 2278 1150 2343 ordinis
1166 2279 1320 2345 honestat
1337 2279 1489 2345 olficium.
1529 2280 1581 2345 hic
1597 2302 1670 2345 cum
1687 2281 1812 2345 familia
1827 2301 1887 2345 sua
1903 2280 2040 2367 deprae-

389 2381 531 2446 dationis
560 2381 722 2447 Gothicae
761 2381 922 2447 turbincm
955 2383 1061 2448 vitans
1096 2383 1130 2448 in
1158 2384 1358 2449 territorium
1388 2391 1533 2449 vestrum
1564 2384 1693 2449 delatus
1722 2392 1773 2450 ast
1801 2385 1891 2471 ipso,
1925 2391 1962 2448 ut
1994 2383 2041 2448 sic
2069 2399 2095 2436 1⁵

388 2484 544 2564 dixerim,
579 2485 726 2572 pondero
759 2485 873 2569 sugae;
908 2485 963 2551 ubi
992 2487 1025 2550 in
1055 2508 1090 2552 re
1123 2487 1300 2562 ecclcsiae,
1336 2487 1388 2551 cui
1421 2487 1578 2551 sanctitas
1607 2493 1664 2552 tua
1694 2487 1874 2577 praesidet,
1908 2508 2042 2574 parram

390 2596 571 2654 sementem
599 2589 834 2655 semiconfecto
862 2589 1000 2676 caespiti
1027 2588 1155 2655 advena
1182 2589 1313 2655 ieiunus
1343 2590 1472 2672 iniecit,
1507 2591 1600 2655 euius
1636 2613 1678 2656 cx
1706 2592 1811 2657 solido
1839 2589 2043 2677 colligendae

337 2695 356 2755 2
390 2691 463 2757 fieri
487 2691 549 2756 sibi
573 2672 699 2779 copiam
724 2697 849 2759 exorat.
894 2714 989 2778 quem
1014 2693 1042 2757 si
1065 2690 1252 2759 domesticis
1268 2693 1345 2759 fidei
1361 2693 1518 2780 deputata
1534 2694 1740 2759 humanitate
1756 2695 1907 2776 foveatis,
1931 2694 2042 2773 idest,

388 2800 426 2859 ut
442 2794 588 2860 debitum
605 2795 743 2881 glaebae
760 2815 918 2862 canonem
935 2817 999 2860 non
1016 2802 1158 2884 petatur,
1181 2803 1307 2862 tantum
1323 2798 1435 2862 lucclli
1449 2797 1642 2884 praestitum
1660 2794 1720 2861 sibi
1739 2803 1906 2883 computat
1928 2797 2039 2884 (parc-

388 2898 473 2984 griui
496 2897 639 2964 hominis
661 2905 698 2964 ut
721 2920 850 2980 census,
875 2899 922 2964 sic
945 2900 1072 2965 animus
1094 2901 1285 2986 augustus),
1309 2923 1347 2966 ac
1372 2901 1398 2965 si
1422 2901 1455 2966 in
1478 2901 1583 2989 patrio
1606 2901 1676 2965 solo
1700 2901 1923 2966 rusticaretur.
1967 2900 2044 2965 huic
2070 2913 2098 2952 20

389 3002 416 3066 si
438 3003 635 3088 legitimam,
661 3009 697 3067 ut
724 3024 794 3067 mos
818 3008 884 3084 est,
908 3004 1104 3070 solutionem
1128 3005 1330 3091 perexiguae
1354 3005 1477 3090 segetis
1501 3003 1690 3089 indulgeas,
1720 3009 1884 3091 tamquam
1908 3004 2043 3091 opipare

388 3105 562 3172 viaticatus
585 3128 658 3172 oum
680 3107 860 3191 gratiarum
883 3109 1012 3173 actione
1038 3107 1207 3173 remeabit.
1257 3130 1435 3195 perquem
1466 3108 1492 3172 si
1523 3128 1576 3172 mc
1606 3106 1681 3172 stilo
1706 3107 1823 3173 solitae
1847 3107 2043 3192 dignationis

388 3207 572 3297 impertias,
607 3210 687 3275 mihi
719 3211 982 3298 fraternitatique
1012 3212 1086 3277 istic
1120 3212 1201 3278 sitae
1233 3213 1355 3298 pagina
1384 3220 1441 3277 tua
1469 3211 1569 3278 veluti
1600 3211 1675 3297 polo
1706 3212 1799 3298 lapsa
1829 3210 2043 3297 reputabitur.

390 3332 516 3379 memor
538 3316 640 3380 nostri
664 3337 738 3381 esse
762 3315 910 3400 dignare,
934 3316 1063 3382 domine
1088 3338 1183 3402 papa.

1184 3645 1246 3711 XI.

640 3793 853 3862 SIDONIUS
876 3795 1056 3863 DOMINO
1080 3797 1229 3863 PAPAE
1253 3797 1548 3863 ELEUTHERIO
1572 3795 1794 3862 SALUTEM.
1832 3791 1834 3794 ’
2073 3807 2099 3846 ²⁵

340 3935 353 3995 1
498 3911 642 4006 Ionssuu
666 3963 823 4027 praesens
851 3945 964 4009 charta
995 3944 1217 4025 commendat,
1249 3966 1315 4010 uon
1343 3944 1429 4031 quod
1457 3944 1538 4009 mihi
1568 3945 1698 4032 placeat
1725 3964 1830 4022 crrcr,
1861 3963 1921 4027 per
1948 3960 2044 4026 quem

391 4050 531 4130 pereunt
565 4045 719 4127 involuti,
755 4046 813 4113 scd
843 4049 920 4134 quia
953 4049 1116 4115 neminem
1147 4049 1293 4136 ipsorum
1328 4071 1387 4114 nos
1416 4049 1513 4114 decet
1540 4069 1582 4113 ex
1611 4070 1687 4114 asse
1719 4044 1936 4112 damnabilem
1969 4065 2044 4130 pro-

494 4304 713 4388 lconsuistoripe
730 4307 771 4358 11¹
869 4305 1055 4362 Eritiuaratur
1074 4310 1122 4369 F,
1151 4311 1310 4363 festinatas.
1329 4311 1346 4360 l.
1366 4309 1428 4360 aaa.
1447 4309 1489 4360 F²
1541 4266 1636 4362 coiano
1653 4308 1696 4359 F²
1786 4304 2043 4387 3preeeumpsitL¹

388 4423 587 4480 deerrectiouis
600 4428 625 4479 T
673 4428 782 4496 reliquid
792 4429 825 4494 Ιι,
842 4430 965 4496 relinquit
976 4430 1004 4490 (n
1014 4430 1126 4482 arcad!
1136 4429 1200 4496 ι111
1284 4429 1438 4482 hruaxurna
1446 4430 1574 4493 Moluius,
1592 4445 1727 4480 maxumae
1735 4429 1769 4493 L,
1784 4424 2048 4479 maximacMIUFP

387 4550 554 4657 {scitamenta
572 4552 625 4604 sint
642 4569 700 4604 nem
719 4553 780 4620 quid
799 4561 956 4621 potestesse
975 4552 1149 4619 castigationis
1167 4570 1215 4603 oar.
1237 4553 1260 4604 O
1325 4559 1386 4604 suut
1403 4551 1511 4604 MFFP
1618 4550 1766 4617 Spiciosius
1783 4549 1815 4614 L,
1832 4550 1973 4617 preciosius
1991 4547 2047 4598 Mo

389 4688 405 4737 q
426 4672 448 4722 U
532 4673 668 4740 reperitL
791 4671 963 4727 dromadium
988 4691 1046 4727 cum
1075 4692 1126 4726 uou
1152 4675 1248 4727 valeret
1268 4674 1429 4726 extrinsecus
1453 4672 1516 4724 add.
1540 4673 1568 4724 io
1585 4690 1667 4738 marg.
1687 4671 1725 4722 P¹
1812 4671 1953 4722 convitium
1970 4668 2050 4720 LTF

388 4792 450 4857 quse
470 4792 493 4844 c
623 4765 772 4848 so‘rr‘arons
790 4796 819 4847 r
902 4797 1017 4849 uerso
1144 4795 1343 4862 comagenem
1359 4793 1385 4858 (ο
1403 4794 1430 4845 a
1446 4811 1500 4844 ras.
1520 4792 1578 4858 no
1597 4792 1630 4842 n
1763 4789 1795 4842 ro
1811 4793 1894 4844 rans
1911 4789 2046 4854 nnonr,

392 4928 504 4966 remane
526 4913 551 4963 Τ
660 4913 690 4965 11
710 4885 792 4983 spurii
812 4916 835 4968 0
904 4917 1023 4982 gnaviter
1043 4913 1172 4967 MTCFP
1284 4912 1316 4964 12
1334 4931 1390 4965 esse
1407 4914 1513 4980 dignare
1531 4912 1632 4964 domine
1650 4929 1716 4979 pape
1733 4929 1782 4963 om.
1800 4910 1878 4962 MOP
1945 4911 2046 4965 domiue

390 5051 515 5100 papsom.
528 5035 558 5086 F
660 5032 693 5087 13
711 5036 831 5088 Sidonius
849 5037 950 5088 domiuo
963 5053 1012 5088 om.
1025 5036 1054 5087 F
1119 5035 1286 5087 CENSORIO
1304 5035 1417 5084 PAPAE
1431 5034 1454 5085 0
1519 5033 1629 5085 salutem
1646 5032 1734 5083 orraF
1835 5028 1868 5082 14
1884 5032 2000 5084 leuuitici
2018 5028 2046 5081 L

392 5152 424 5206 15
441 5156 552 5222 gotticae
570 5156 602 5206 M
714 5155 746 5209 19
764 5158 813 5208 sibi
831 5157 982 5224 praestitum
1006 5156 1031 5206 Τ
1146 5154 1181 5208 20
1198 5163 1325 5222 augustus
1346 5151 1396 5206 CF
1507 5151 1540 5204 21
1559 5153 1709 5220 legittimam
1728 5151 1757 5202 F
1827 5161 1948 5218 tanquam
1967 5151 2050 5202 LMF

390 5276 511 5342 oppipare
529 5275 557 5326 F
675 5274 710 5328 23
739 5277 868 5344 impetiar
886 5278 918 5331 M
925 5278 933 5309 ¹
1022 5277 1099 5329 michi
1120 5279 1142 5329 O
1259 5273 1293 5326 24
1320 5292 1416 5327 memor
1440 5275 1520 5327 uestri
1545 5291 1601 5326 esse
1625 5274 1731 5340 digrure
1752 5274 1853 5325 domine
1870 5291 1938 5341 papa
1954 5290 2002 5325 om.
2021 5272 2046 5323 L

388 5414 483 5449 mernor
500 5399 535 5451 sis
553 5399 633 5452 nostri
651 5399 738 5451 ceteris
756 5417 804 5451 cnr.
828 5399 853 5449 Τ
917 5415 973 5450 esse
991 5399 1098 5464 dignare
1115 5397 1217 5450 domine
1234 5414 1301 5464 papa
1312 5414 1361 5448 om.
1371 5394 1451 5447 MOP
1517 5394 1619 5447 domine
1639 5412 1705 5461 papa
1722 5394 1809 5446 om.F
1909 5386 2046 5445 25811011

388 5517 448 5583 (om.
472 5517 586 5584 dorniuo)
605 5519 633 5572 F
717 5521 946 5606 11111111111111110Ι
965 5520 1119 5571 I’AI'AEO
1206 5525 1267 5584 post
1292 5516 1440 5568 Eleutherio
1468 5515 1515 5580 leg.
1539 5515 1603 5565 SVO
1626 5513 1654 5563 irs
1671 5513 1722 5564 LP
1816 5513 1925 5564 salutem
1952 5530 2001 5565 cnr.
2019 5512 2049 5564 F
2155 5548 2159 5562 .

387 5638 421 5694 ‘lb'
438 5642 531 5694 cartha
549 5640 580 5704 L,
598 5620 671 5695 cartu¹
690 5640 714 5691 Τ
712 5642 761 5695 OF
823 5590 927 5711 lplaceut
941 5611 1005 5694 'inihi
1024 5649 1124 5708 tronep.
1143 5639 1187 5690 ΜΙ
1299 5636 1333 5692 27
1352 5636 1540 5707 dampnabilem
1559 5635 1640 5689 Meu*
1714 5635 1883 5702 pronunciare
1900 5633 1980 5688 LMC
