4462 6216
926 323 1064 379 ltUlthII
1082 323 1338 379 EPISTULARUM

1092 652 1169 717 VII.

477 813 655 880 DOMINO
680 811 766 877 SUO
791 809 1035 875 PEOULIARI
1058 807 1107 871 IN
1131 807 1327 873 cruciere
1350 807 1562 873 PATRONO
1590 810 1796 876 BASSULO

902 912 1120 979 urlscoro
1144 911 1369 977 RURlOlUS.

261 1060 272 1120 l
419 1030 525 1140 Qusu
554 1085 606 1128 me
636 1064 771 1149 diligere
800 1070 913 1127 sancta
943 1061 1050 1148 pietas
1085 1065 1119 1124 et
1147 1059 1203 1144 pia
1236 1060 1392 1125 sanctitas
1426 1068 1535 1125 vestra
1568 1062 1730 1147 dignetur,
1766 1061 1968 1128 multimodo

310 1167 457 1253 probatis
481 1166 613 1244 affeetu,
637 1165 712 1230 dum
737 1165 878 1251 legenda
900 1163 1120 1230 transmittitis
1143 1170 1177 1229 et
1199 1165 1351 1249 neglecta
1374 1165 1544 1250 corrigitis,
1569 1165 1777 1231 dilectionem
1793 1164 1969 1251 diligendo
2007 1181 2020 1219 ⁵

258 1273 278 1333 2
311 1270 495 1356 provocatis
523 1277 556 1335 et
582 1268 668 1354 quod
696 1267 895 1355 praedicetis
918 1267 1027 1333 verbis
1057 1267 1178 1331 docetis
1208 1267 1378 1353 exemplis.
1423 1268 1655 1353 sedquoniam
1679 1290 1791 1334 semen
1815 1275 1966 1334 vestrum

310 1373 343 1436 iu
367 1379 453 1437 terra
476 1373 579 1437 sterili
603 1378 635 1436 ct
658 1372 794 1436 dumosa
817 1392 881 1435 non
908 1371 1047 1456 proficit,
1079 1376 1191 1456 utpote
1215 1370 1301 1455 quod
1325 1371 1472 1437 sentibus
1496 1372 1827 1458 supercrescentibus
1859 1373 1966 1439 suffo-

311 1481 413 1556 catur,
441 1497 482 1541 ue
505 1477 589 1541 sieut
611 1475 845 1539 infructuosam
869 1474 958 1537 illam
987 1474 1160 1539 ficulneam
1188 1496 1239 1539 me
1268 1474 1379 1539 iubeat
1407 1474 1556 1540 dominus
1581 1476 1711 1556 vineae,
1741 1496 1839 1560 quem
1870 1481 1967 1541 tanto

310 1585 458 1665 tempore
486 1581 682 1665 nequiquam
712 1585 900 1665 exspectat,
935 1576 1076 1657 abscidi,
1107 1599 1166 1642 vos
1196 1578 1391 1642 severiorem
1426 1579 1622 1644 sententiam
1659 1578 1782 1644 orando
1818 1580 1966 1661 differte,

310 1681 415 1748 donec
438 1682 605 1748 doetrinae
629 1689 758 1748 vestrae
782 1681 981 1768 pinguedine
1005 1689 1171 1768 tamquam
1195 1690 1339 1747 stercore
1363 1682 1545 1747 amaritudo
1565 1683 1766 1748 infructuosa
1780 1682 1967 1751 dulcescat.
1996 1700 2020 1738 ¹⁰

259 1790 278 1851 3
311 1786 370 1851 sed
398 1788 548 1872 quoniam
577 1788 650 1873 plus
677 1795 752 1852 sunt
784 1786 870 1873 apud
900 1808 952 1852 me
980 1785 1100 1850 delicta
1128 1807 1224 1872 quam
1248 1786 1350 1851 verba
1380 1808 1440 1852 nec
1464 1809 1596 1874 pessum
1619 1786 1706 1852 facta
1729 1787 1867 1874 expiare
1892 1809 1966 1854 ser-

310 1890 475 1971 monibus,
512 1890 703 1975 obsequium
733 1892 840 1956 saltim
874 1890 1051 1975 epistulare
1080 1889 1229 1975 dependo
1259 1896 1293 1954 et
1325 1890 1457 1970 librum,
1491 1912 1589 1976 quem
1618 1889 1875 1977 praestiteratis,
1912 1913 1968 1957 me

310 1994 478 2059 remisisse
502 1994 649 2078 significo
673 1995 839 2079 aliumque
862 1992 1040 2058 identidem
1062 2000 1215 2074 vestrum,
1240 1994 1267 2057 si
1291 1994 1356 2058 iam
1380 1994 1586 2059 necessarius
1609 2002 1757 2074 nonest,
1781 2016 1882 2080 spero
1906 2017 1968 2082 per

260 2103 278 2162 4
310 2098 496 2183 portitorem
513 2097 627 2161 harum
645 2098 776 2162 remitti.
814 2098 951 2161 valeatis
967 2097 1141 2183 simulque,
1165 2098 1192 2162 si
1208 2098 1349 2184 propitio
1367 2098 1427 2162 deo
1444 2098 1484 2162 ad
1501 2099 1753 2164 sollemnitatem
1771 2105 1968 2164 sanctorum

312 2200 467 2266 Gurdone
491 2202 618 2266 venturi
642 2202 723 2281 sitis,
744 2225 797 2267 mc
820 2201 1063 2267 recurrentibus
1086 2202 1170 2267 sciro
1194 2202 1333 2266 faciatis.
1996 2218 2021 2256 ¹⁵

1087 2547 1181 2614 Vlll.

381 2702 560 2768 DOMINO
585 2700 670 2765 SUO
694 2699 940 2765 PECULIARI
964 2699 1011 2764 IN
1036 2698 1244 2773 CHRISTO,
1267 2700 1445 2766 DOMINO
1468 2699 1681 2764 PATRONO
1708 2700 1899 2767 SIDONIO

906 2803 1125 2869 EPISCOPO
1149 2804 1373 2870 RURlOIUS.

265 2949 277 3008 ¹
418 2929 459 3019 Ρ
453 2974 688 3019 sssurrsnrrcus
712 2953 823 3031 vobis,
847 2953 980 3039 saepius
1003 2952 1133 3017 audisse
1157 2974 1208 3017 mc
1231 2952 1353 3031 rccolo,
1377 2953 1561 3017 nullatenus
1585 2953 1626 3017 ab
1651 2951 1882 3037 iniquitatibus
1908 2975 1970 3018 nos

314 3078 410 3143 posse
433 3058 582 3144 purgari,
609 3058 670 3121 nisi
694 3057 852 3122 fuerimus
877 3057 1013 3121 crimina
1034 3063 1159 3138 nostra,
1183 3057 1384 3121 conscientia
1408 3062 1665 3142 compungente,
1694 3054 1846 3120 confessi.
1894 3058 1970 3143 quis
1996 3072 2021 3111 ³⁰

313 3163 416 3242 enim,
445 3183 510 3226 non
539 3162 644 3226 dicam
673 3162 843 3247 consequi,
881 3160 939 3226 sed
969 3161 1020 3224 vel
1052 3182 1209 3245 quaerere
1240 3166 1337 3245 queat
1367 3160 1618 3244 indulgentiam,
1652 3160 1713 3224 nisi
1743 3159 1969 3245 deplorationi

313 3266 550 3330 confessionem
588 3266 707 3329 erroris
746 3263 917 3349 adiungat,
957 3265 1033 3350 quia
1068 3287 1159 3328 error
1197 3263 1447 3349 indulgentiam,
1489 3285 1553 3327 non
1588 3264 1789 3349 indulgentia
1829 3264 1970 3349 requirit

261 3374 281 3434 2
313 3375 477 3434 errorem?
523 3368 610 3453 quod
640 3390 701 3453 ego
729 3367 824 3432 raldo
856 3390 967 3432 rerum
997 3389 1070 3432 esse
1103 3389 1322 3453 cognoscens,
1355 3368 1481 3431 facinus
1512 3389 1619 3432 mcum
1648 3389 1752 3453 nuper
1782 3367 1969 3433 admissum

314 3473 429 3559 pietati
451 3481 582 3537 restrae
606 3472 749 3536 iudicare
772 3494 835 3535 non
859 3471 988 3550 distuli,
1019 3492 1060 3534 ne
1089 3471 1176 3556 quod
1203 3471 1298 3535 modo
1328 3470 1485 3557 prodente
1514 3493 1565 3535 mc
1599 3479 1727 3558 spectat
1756 3472 1967 3553 adveniam,

314 3584 443 3641 tacente
466 3576 671 3663 postmodum
695 3577 872 3662 pertineret
894 3574 935 3638 ad
958 3574 1096 3660 culpam.
1136 3574 1194 3639 scd
1219 3576 1281 3637 iam
1299 3575 1406 3660 ipsum
1423 3574 1532 3638 dolum
1547 3575 1741 3660 proferimus
1759 3576 1791 3639 iu
1807 3575 1965 3642 medium.
1992 3587 2017 3627 ὅ

263 3684 282 3745 3
315 3681 391 3744 furti
407 3702 459 3745 me
476 3679 570 3743 robis
592 3702 685 3745 reum
709 3688 816 3744 statuo
839 3685 873 3743 et
895 3679 1080 3764 depositum
1096 3687 1241 3743 vestrum
1265 3702 1327 3760 me,
1352 3679 1575 3765 ignorantibus
1591 3679 1696 3759 vobis,
1720 3679 1844 3743 inlicite
1867 3701 1966 3766 prae-

315 3784 496 3870 sumpsisse
519 3784 702 3869 pronuntio.
747 3782 831 3867 quod
856 3792 890 3845 ut
917 3790 1026 3847 tamen
1055 3784 1305 3859 committerem,
1336 3783 1541 3847 occasionem
1570 3781 1778 3869 perpetrandi
1807 3782 1966 3846 facinoris

264 3894 283 3952 4
317 3909 375 3951 vos
398 3886 544 3962 dedistis,
567 3892 624 3949 aut
644 3894 844 3972 temptantes
861 3887 1013 3974 cupidum
1029 3895 1085 3952 aut
1101 3887 1264 3951 indoctum
1281 3886 1409 3952 erudire
1427 3887 1607 3974 cupientes.
1645 3887 1789 3953 codicem
1811 3907 1965 3972 namque,

315 4012 412 4077 quem
435 3990 476 4054 de
501 3991 599 4053 fratre
623 4012 695 4054 meo
719 3990 855 4055 Leontio
878 4012 929 4054 mc
958 3992 1106 4077 recipere
1135 3991 1317 4067 iusseratis,
1349 3992 1553 4054 transtulisse
1582 4012 1633 4054 me
1660 3989 1776 4055 foteor.
1823 3991 1966 4076 quodsi

264 4099 283 4158 5
315 4094 477 4181 probatis,
507 4094 683 4178 ignoscite:
717 4094 743 4157 si
771 4094 953 4180 imputatis,
982 4095 1165 4180 agnoscite,
1194 4095 1271 4178 quia
1298 4095 1494 4159 confessioni
1518 4094 1664 4180 querella
1687 4094 1840 4161 sociatur.
1886 4116 1964 4160 nam
1991 4107 2017 4147 ὓ

315 4199 455 4284 primum
478 4205 514 4261 ut
536 4218 611 4261 eum
633 4199 779 4282 legerem
803 4198 955 4262 voluntas
979 4196 1122 4283 impulit;
1153 4197 1270 4261 deinde
1292 4197 1348 4261 ille
1371 4204 1406 4261 ut
1429 4198 1660 4262 transferretur
1691 4198 1842 4264 extorsit.
1887 4220 1965 4263 nam

315 4323 388 4367 cum
413 4301 454 4366 de
477 4300 618 4387 dapibus
641 4301 744 4386 ipsius
767 4301 874 4367 adhue
897 4324 1001 4388 pauca
1023 4303 1188 4379 libassem,
1217 4303 1327 4366 taliter
1349 4324 1401 4367 me
1424 4310 1522 4387 gustu
1546 4303 1738 4368 inlecebrosi
1761 4304 1890 4389 saporis
1913 4305 1964 4368 in·

314 4407 407 4483 lenit,
430 4412 467 4471 ut
481 4406 577 4492 primi
593 4406 733 4491 quodam
748 4405 844 4469 modo
860 4407 1003 4493 parentis
1023 4406 1176 4485 imitator,
1194 4406 1324 4470 dominc
1342 4414 1478 4492 repente
1497 4412 1694 4491 contempto,
1718 4406 1761 4470 ad
1776 4406 1966 4472 satietatem

315 4510 494 4577 studuerim
517 4510 689 4596 pervenire
714 4511 880 4596 magisque
904 4510 1074 4574 consilium
1093 4511 1260 4575 suadentis
1277 4531 1373 4595 quam
1390 4511 1560 4596 imperium
1577 4510 1775 4574 dominantis
1791 4508 1964 4575 audierim.

262 4617 282 4678 6
315 4636 389 4680 nam
414 4621 450 4678 ut
471 4614 581 4679 omnia
603 4615 746 4699 pecteris
770 4614 833 4677 mci
855 4635 975 4678 arcana
996 4614 1214 4691 manifestem,
1237 4613 1372 4678 videbar
1395 4613 1473 4677 mihi
1497 4615 1571 4679 libri
1595 4616 1696 4700 ipsius
1717 4614 1819 4678 rerba
1844 4613 1966 4679 adhor-
1991 4628 2016 4666 ὓ

317 4721 417 4783 tantis
446 4718 573 4782 audire:
605 4717 683 4802 quid
711 4739 838 4793 (rossus,
868 4719 1011 4803 ingrate,
1041 4719 1117 4803 quid
1145 4719 1295 4783 dubitas?
1342 4719 1429 4781 nosti
1460 4741 1540 4803 erga
1571 4725 1602 4783 tc
1630 4718 1811 4783 communis
1840 4717 1965 4782 domini

340 4870 523 4877 ———--—-
543 4870 561 4874 --
591 4868 626 4875 —u-
652 4868 727 4875 ----

417 4980 435 5032 8
452 4978 553 5033 Marcu.
574 4977 646 5041 xxi,
668 4979 707 5031 19.

417 5136 435 5187 4
459 5134 511 5204 pio]
531 5133 610 5203 pitres
629 5132 655 5185 G
777 5136 794 5185 fr
817 5136 935 5185 effatum
956 5132 981 5183 G
1101 5134 1185 5203 'lquc
1208 5138 1328 5188 «crnibus
1348 5133 1399 5202 G¹,
1422 5153 1472 5202 que
1490 5137 1606 5187 sonitibus
1625 5133 1668 5186 θ’
1788 5134 1922 5186 aderens
1939 5130 1967 5185 G

316 5226 350 5276 10
366 5221 506 5287 doctrinas]
525 5223 541 5272 d
558 5224 586 5273 ia
604 5241 657 5272 rur.
677 5220 703 5271 G
790 5222 916 5287 pinguius
935 5217 961 5270 G
1051 5220 1170 5289 surrerrel
1188 5223 1288 5289 arripui,
1309 5232 1375 5274 stete
1395 5219 1429 5283 G,
1451 5231 1534 5274 terrae
1553 5222 1671 5273 (torretur
1799 5219 1833 5271 13
1850 5234 1966 5273 uoetmn

314 5312 336 5363 si
355 5308 416 5377 iarn]
430 5310 528 5376 mmai,
547 5317 661 5361 uestrum
680 5308 754 5358 silem
766 5304 800 5370 G,
819 5308 910 5358 uestris
929 5307 1018 5357 usibus
1036 5326 1106 5359 nunc
1119 5309 1236 5359 (arabim
1335 5307 1368 5360 14
1385 5305 1502 5375 ualeatis]
1515 5310 1614 5375 scripsi,
1632 5310 1740 5361 lubeatis
1751 5305 1777 5358 G
1875 5306 1910 5358 15
1925 5325 1967 5359 ms

313 5394 518 5462 recurrentibus]
536 5397 593 5447 item
606 5396 681 5463 infra
694 5393 730 5445 11
729 5432 736 5457 ,
748 5400 780 5445 44
882 5392 913 5445 lb'
933 5392 1002 5463 l'lll]
1022 5394 1127 5447 Ruricio
1139 5395 1263 5447 Gidrmius
1274 5414 1312 5463 ep.
1323 5397 1341 5447 Ι
1347 5396 1375 5460 V,
1388 5400 1425 5460 16,
1442 5414 1524 5463 cupro
1531 5414 1560 5462 p.
1572 5400 1606 5447 67
1616 5396 1746 5461 respoudit
1843 5392 1881 5445 ill
1896 5390 1965 5461 qni}

314 5483 414 5549 compsi,
431 5483 534 5549 quiquis
552 5480 578 5535 G
693 5478 728 5531 ‘22
745 5478 914 5547 indulgentia]
933 5480 1118 5547 indulgentiam
1137 5478 1164 5533 G
1282 5481 1317 5535 ‘23
1334 5500 1420 5535 rerum
1440 5478 1465 5534 G
1576 5480 1611 5532 ⁸24
1628 5483 1750 5549 prodente
1767 5477 1818 5546 me]
1839 5481 1969 5533 cunin

312 5571 440 5641 prudente
455 5567 481 5619 G
584 5570 619 5621 ‘28
636 5587 709 5631 suos,
726 5584 780 5617 rus.
798 5564 851 5617 sG
919 5568 1048 5619 dodicistic
1060 5566 1087 5617 G
1155 5566 1210 5635 sut]
1229 5580 1240 5619 t
1258 5590 1277 5619 a.
1291 5570 1309 5621 l.
1323 5566 1365 5620 θ’
1436 5576 1481 5620 aut
1498 5568 1631 5619 inductum
1645 5564 1671 5617 G
1772 5565 1808 5617 29
1825 5562 1968 5618 leeneioG

312 5655 350 5711 33
367 5657 480 5708 imitatur
493 5654 534 5706 G'
631 5652 665 5705 34
682 5655 820 5705 eumerus
833 5650 876 5705 (1⁴¹
967 5652 1002 5705 35
1018 5655 1093 5707 istius
1109 5675 1177 5709 corr.
1195 5657 1275 5723 ipsius
1289 5654 1331 5707 G¹
1425 5656 1460 5707 36
1477 5656 1591 5723 ingratae
1605 5651 1631 5705 G
1689 5652 1799 5719 dubitas]
1819 5656 1836 5705 b
1852 5672 1872 5705 r.
1889 5651 1967 5707 16²
