4462 6216
1013 347 1218 403 MOMMSRNI.
1910 354 1944 406 Ll

285 541 373 606 quae
404 518 445 584 66
473 526 620 606 tempora
647 521 803 606 locosque
831 519 1034 586 deliniendos
1056 523 1224 607 pertinent
1246 543 1288 587 ex
1311 522 1486 587 verborum
1509 523 1662 608 ampullis
1686 525 1856 590 enucleata
1877 545 1942 589 uno

285 625 405 691 obtutu
421 645 634 711 componere,
663 631 699 688 ut
728 646 791 710 quo
818 631 967 710 tempore
999 625 1149 710 singulae
1181 626 1343 712 epistulae
1373 627 1513 712 scriptae
1544 628 1687 691 6166661
1714 628 1793 693 66161
1821 629 1943 715 singuli

284 730 408 811 libelli,
435 728 469 793 id
492 728 578 814 quod
602 729 634 793 in
658 751 712 794 res
736 734 847 814 gestas
870 730 1048 814 inquirenti
1073 730 1208 794 maximi
1231 731 1387 794 momenti
1416 736 1480 810 est,
1513 730 1640 794 lacilius
1668 730 1942 817 deprehendatur.

283 829 489 896 Rettulimus
517 832 668 897 similiter
698 854 781 918 quae
810 834 955 898 carmina
985 834 1109 898 habent
1139 835 1257 899 aetatis
1285 854 1364 898 suae
1393 833 1513 898 indicia
1538 833 1580 898 ad
1608 834 1765 921 temporis
1796 833 1942 900 ordinem

284 941 448 1020 quatenus
471 935 542 1001 fieri
564 937 669 1021 potuit
691 936 831 1022 digesta.

284 1038 453 1104 Carmina.

331 1138 369 1207 C.
384 1141 451 1205 VH
466 1143 685 1229 panegyricus
702 1142 807 1207 dietus
823 1143 920 1208 Avito
936 1143 1087 1229 Augusto
1104 1165 1134 1210 a.
1152 1147 1213 1207 456
1231 1145 1262 1209 k.
1277 1145 1346 1208 Ian.
1362 1145 1488 1210 Romae
1506 1166 1579 1209 cum
1595 1145 1800 1231 praefatione
1818 1145 1941 1233 (QVI)

418 1252 451 1312 et
473 1247 696 1333 propemptico
721 1246 772 1329 (C.
788 1246 904 1330 VIIl);
928 1269 1003 1311 narn
1026 1247 1087 1311 hcc
1110 1269 1239 1333 quoque
1263 1249 1419 1333 seriptum
1442 1255 1492 1312 est
1508 1248 1658 1328 principe
1679 1249 1785 1314 Arato.

331 1350 415 1417 O.V
439 1353 656 1438 panegyricus
689 1352 796 1416 dictus
829 1350 1007 1415 Maioriano
1041 1351 1192 1436 Augusto
1227 1352 1379 1436 Lugduni
1411 1374 1440 1417 a.
1462 1355 1523 1417 458
1557 1360 1701 1417 exeunte
1735 1374 1807 1419 cum
1843 1376 1940 1440 prae·

416 1457 538 1520 latione
562 1455 614 1539 (Ο.
630 1455 703 1539 IV).
749 1455 829 1519 Eius
859 1457 951 1533 anui,
981 1476 1044 1540 quo
1069 1455 1267 1519 Maiorianus
1296 1456 1501 1520 consulatum
1524 1456 1641 1540 gessit,
1669 1479 1742 1521 cum
1770 1465 1887 1524 extent
1909 1461 1942 1524 in

417 1581 552 1646 corpore
569 1561 678 1644 legum
695 1560 896 1624 novellarum
915 1560 1164 1624 constitutiones
1181 1559 1278 1625 datae
1295 1560 1324 1625 d.
1340 1560 1410 1624 Ian.
1426 1564 1460 1623 ll
1481 1560 1538 1645 (Ι),
1562 1561 1657 1626 Mart.
1675 1567 1713 1627 10
1731 1563 1806 1647 (ΙΙ),
1830 1562 1940 1631 Μ61.8

417 1665 510 1749 (ΙΙΙ),
533 1664 594 1728 161.
612 1669 646 1727 11
672 1662 759 1747 (IV),
784 1663 873 1748 Sept.
888 1662 987 1746 l(V),
1012 1662 1084 1728 066.
1102 1662 1247 1747 26011),
1272 1663 1352 1727 Nov.
1370 1666 1389 1726 6
1407 1662 1502 1750 (VII)
1525 1686 1636 1729 omnes
1653 1666 1842 1747 Ravennae,
1866 1669 1941 1732 anni

418 1768 585 1852 sequentis
603 1770 665 1830 459
681 1788 746 1830 666
762 1767 838 1830 6666
849 1765 931 1851 Apr.
942 1769 978 1828 17
995 1766 1131 1831 Arelate
1145 1766 1234 1853 (IX),
1251 1772 1398 1831 extremo
1416 1768 1546 1832 demum
1563 1773 1723 1835 6666458
1740 1770 1941 1836 Maiorianus

416 1872 611 1958 Lugdunum
636 1873 823 1959 pervenerit
845 1892 982 1936 necesse
1006 1880 1067 1936 est.

332 1976 368 2043 Ο.
384 1976 470 2041 XIII
493 1976 536 2041 ad
552 1976 769 2040 Maiorianum
785 1975 971 2059 Augustum
988 1975 1117 2041 videtur
1133 1977 1289 2061 scriptum
1305 1998 1379 2042 csse
1396 1977 1512 2042 eodem
1532 1999 1561 2042 a.
1578 1979 1653 2056 458,
1677 1983 1766 2042 certe
1786 1977 1940 2060 scriptum

418 2087 567 2146 estante
591 2082 692 2144 6461
722 2085 908 2144 exeuntem.

333 2184 369 2250 O.
384 2183 503 2248 XXIII
525 2186 610 2248 inter
634 2205 663 2248 a.
680 2186 739 2247 461
766 2186 889 2263 66466,
913 2183 1068 2268 scriptum
1094 2185 1219 2249 scilicet
1240 2190 1410 2270 postquam
1427 2185 1538 2249 Narbo
1562 2186 1666 2250 factus
1690 2190 1741 2249 est
1757 2182 1937 2248 Gothorum

416 2311 445 2355 a.
462 2292 520 2354 461
548 2296 581 2354 et
604 2289 679 2353 6166
703 2286 905 2352 Theoderico
929 2287 963 2351 ΙΙ
985 2290 1040 2373 qui
1064 2289 1143 2353 obiit
1165 2311 1193 2353 6.
1208 2293 1279 2354 466.

335 2391 370 2458 Ο.
385 2393 445 2456 IX.
460 2392 576 2456 XXIV
597 2393 822 2479 propemptica
845 2391 945 2455 libelli
968 2394 1145 2456 carminum
1170 2393 1211 2457 ad
1231 2392 1387 2477 Magnum
1404 2392 1549 2456 Felicem
1574 2391 1696 2477 scripta
1718 2391 1804 2455 inter
1826 2411 1855 2455 a.
1868 2392 1940 2469 461,

418 2518 489 2560 eum
512 2497 657 2561 carmina
680 2516 718 2560 eo
742 2495 852 2561 libello
875 2496 1112 2581 comprehensa
1135 2496 1175 2560 ad
1199 2518 1273 2562 eum
1298 2505 1387 2561 certe
1405 2517 1524 2561 annum
1547 2496 1749 2582 perveniant,
1773 2499 1807 2558 66
1823 2515 1852 2559 6.
1868 2496 1940 2573 468,

416 2622 479 2685 quo
503 2601 600 2665 finem
623 2600 703 2665 fecit
726 2602 905 2666 carminum
930 2604 1249 2670 conscribendorum.

335 2703 417 2770 0.ss
439 2705 656 2790 panegyricus
685 2704 791 2770 dictus
822 2706 998 2770 Anthemio
1027 2707 1175 2793 Augusto
1198 2731 1226 2773 6.
1245 2711 1308 2773 468
1339 2707 1465 2770 Rornae
1490 2706 1612 2771 16166.
1641 2727 1713 2769 rum
1738 2704 1940 2790 praefatione

415 2808 467 2892 (O.
484 2808 515 2891 Ι)
541 2814 574 2872 66
596 2809 823 2894 propemptiec
848 2808 899 2893 (O.
916 2808 994 2896 ΙΙΙ).

336 2910 368 2975 C.
379 2911 429 2975 XI
453 2910 699 2997 epithalaqum
715 2911 847 2977 Ruricio
872 2920 904 2976 66
919 2913 1078 2979 Hiberiae
1102 2913 1223 2979 dictum
1247 2935 1320 2978 cum

414 3015 618 3100 praelatione
642 3014 693 3100 (0.
711 3014 757 3100 X)

337 3117 449 3184 CXII
472 3117 514 3182 ad
538 3117 739 3183 Catullinum

336 3221 368 3289 0.
382 3223 445 3287 XV
468 3223 715 3309 epithalamium
743 3223 889 3288 Polemio
921 3231 955 3288 ct
983 3225 1170 3289 Araneolae
1198 3224 1318 3288 dictum

414 3347 487 3390 cum
511 3326 653 3412 epistula
676 3325 873 3390 dedicatoria
896 3326 945 3407 (0.
962 3327 1057 3411 XIV)

337 3426 368 3494 6.
383 3429 466 3492 XVI
489 3429 730 3493 eucharisticon
754 3429 795 3493 ad
818 3429 975 3495 Faustum
1333 3421 1345 3892 Ι

1372 3276 1494 3359 scripta
1509 3275 1616 3337 omnia
1632 3280 1708 3337 6666
1725 3296 1753 3336 a.
1768 3274 1841 3352 468,
1866 3292 1939 3355 quo,

1372 3386 1408 3442 ut
1425 3400 1524 3464 supra
1536 3377 1687 3452 dirimas,
1701 3377 1844 3440 6666166
1859 3396 1938 3460 666-

337 3531 367 3598 C.
383 3532 481 3597 XVII
503 3554 563 3598 scr.
588 3532 674 3619 apud
696 3532 862 3597 Arvernos
888 3533 927 3617 (6.
952 3533 1149 3620 0666666166)
1372 3503 1450 3566 gem
1474 3481 1581 3545 dmm·

336 3633 626 3700 uxvlll-XXI
649 3637 791 3700 carmina
815 3637 937 3700 minora

336 3737 367 3802 0.
381 3738 483 3802 XXII
506 3739 636 3824 Burgus
666 3740 775 3804 Pontii
804 3740 934 3805 Leontii
963 3763 1035 3806 cum
1060 3742 1201 3827 epistula
1224 3742 1317 3806 dedi-

413 3842 547 3906 catoria.
594 3842 662 3907 Ser.
686 3843 841 3909 Narbone
865 3844 1004 3930 (243,1)

299 3941 508 4031 Epistulamm
531 3946 585 4011 l.l
609 3945 716 4010 editus
740 3968 766 4012 6.
784 3968 811 4010 6.
827 3950 899 4025 469,
924 3949 1063 4034 scriptus
1086 3948 1211 4012 Romae
1235 3955 1292 4013 aut
1315 3955 1402 4013 tolus
1426 3955 1482 4011 666
1505 3954 1593 4011 certe
1616 3968 1657 4009 ex
1675 3952 1768 4032 parte
1786 3945 1938 4009 maxima.

333 4071 380 4136 66.
410 4055 423 4112 1
451 4071 512 4115 scr.
536 4057 610 4135 post
634 4050 776 4135 reliquas
800 4052 1014 4137 praefationis
1038 4052 1117 4117 loco.

333 4174 379 4240 ep.
403 4157 422 4217 2
447 4176 509 4220 scr.
534 4161 610 4218 ante
636 4176 664 4218 a.
683 4157 745 4218 466
769 4155 842 4218 6166
865 4154 1070 4220 Theoderico
1094 4154 1137 4222 Il.

332 4278 380 4344 cp.
408 4260 427 4321 3
926 4261 936 4341 l

331 4382 379 4448 cp.
408 4366 427 4423 4
452 4383 514 4426 scr.
538 4367 632 4425 extra
653 4362 792 4447 patriam
812 4361 858 4446 (6,
871 4363 905 4444 3)
925 4348 937 4431 I

331 4484 378 4551 cp.
404 4468 423 4526 5
448 4486 509 4529 scr.
532 4464 658 4528 Romae
682 4465 727 4547 (6,
739 4464 773 4548 5)
797 4486 825 4529 6.
839 4468 900 4528 467
925 4462 1032 4549 (nubit
1047 4464 1202 4529 Ricimeri
1227 4465 1295 4528 iilia
1310 4466 1387 4549 imp.
1404 4462 1586 4544 AnthemiI;
1611 4460 1808 4525 Anthemius
1826 4463 1939 4525 consul

413 4567 630 4653 designatus).

330 4690 378 4757 ep.
404 4676 424 4735 6
449 4694 510 4736 sor.
535 4672 568 4734 16
592 4672 709 4736 itinere
733 4672 871 4759 Romam
896 4674 939 4752 (8,
954 4670 1021 4757 25).

331 4796 379 4861 66.
409 4778 426 4838 7
452 4795 513 4839 scr.
538 4781 633 4839 extra
655 4776 794 4839 Romam
818 4780 854 4838 ut
877 4775 1004 4839 videtur
1027 4772 1094 4859 (11,
1111 4778 1160 4837 16.
1189 4778 1237 4851 12,
1252 4775 1307 4859 27)
1331 4794 1359 4836 c.
1383 4792 1411 4835 a.
1430 4774 1491 4834 469
1516 4769 1560 4854 (6.
1583 4769 1782 4854 Arvandus).

329 4900 379 4964 cp.
407 4881 427 4942 8
452 4899 513 4944 sor.
536 4878 664 4942 Rornae
689 4878 754 4962 (13,
770 4878 815 4962 5).
1803 4894 1812 4901 ·

329 5002 377 5066 66.
404 4983 424 5044 9
448 5002 508 5048 666.
532 4982 658 5046 Itomae
681 5003 710 5047 a.
728 4984 790 5046 467
816 4987 958 5046 exeunte
983 4980 1227 5065 (argumentum
1251 4980 1338 5044 idem
1362 4984 1461 5063 atque
1486 4977 1593 5063 664).

328 5088 425 5170 6610
450 5106 512 5151 scr.
535 5086 665 5150 Romae
689 5086 755 5167 (15,
769 5087 836 5170 25).

293 5182 506 5271 Epistularum
529 5191 551 5254 l.
567 5188 601 5252 II
624 5188 730 5254 editus
755 5211 782 5254 c.
806 5210 835 5253 a.
856 5191 928 5251 472.

333 5311 381 5376 66.
408 5295 420 5355 1
449 5293 569 5378 scripta
592 5298 642 5358 666
665 5294 847 5380 imperante
862 5292 1038 5357 Anthemio
1054 5292 1098 5376 (a.
1116 5289 1313 5374 467-472),
1337 5289 1394 5354 666
1417 5290 1473 5353 vix
1496 5288 1548 5352 edi
1571 5288 1675 5375 potuit
1698 5293 1774 5351 ante
1799 5293 1936 5352 mortem

413 5396 494 5479 eius,
510 5417 584 5461 cum
596 5397 856 5484 reprehendatur
872 5396 939 5481 (22,
951 5398 995 5482 6),
1011 5418 1071 5461 666
1086 5398 1189 5481 magis
1206 5402 1283 5459 ante
1297 5393 1534 5457 damnationem
1552 5391 1710 5471 Seronati,
1728 5413 1811 5477 quae
1829 5395 1938 5459 evenit

413 5507 486 5586 post
508 5502 664 5589 scriptam
689 5502 866 5590 epistulam
890 5501 941 5566 XI
963 5501 1037 5565 libri
1060 5501 1173 5587 quinti,
1197 5505 1274 5565 6666
1297 5499 1451 5585 scriptam
1475 5518 1525 5583 ep.
1539 5496 1607 5561 Vll
1630 5497 1703 5562 libri
1727 5499 1870 5584 septimi.

339 5622 385 5691 ep.
410 5607 430 5669 9
451 5606 512 5673 iter
533 5607 613 5677 facit
634 5606 846 5674 Nemausum.

957 4311 998 4376 de
1022 4310 1139 4375 cadem
1163 4331 1197 4373 re
1220 4315 1330 4394 agunt.

1692 5740 1733 5815 86
