4462 6216
298 340 360 402 350
614 334 754 390 1111111οΠ
771 334 1031 391 EPISTULARUM
1054 335 1161 389 LIBER
1179 336 1215 401 11,
1238 335 1327 391 LXIII
1345 336 1362 404 ς
1381 338 1396 390 1
1415 367 1448 377 -
1466 335 1554 391 LXIV
1572 337 1588 405 ἐ
1606 336 1631 390 4.

207 512 242 587 G
296 528 473 595 repensare
496 507 679 589 beneficiis,
708 508 768 573 scd
790 530 851 573 uec
874 514 982 573 tantas
1005 509 1142 594 gratias,
1172 516 1309 594 quantas
1333 509 1515 585 meremini,
1540 508 1745 573 sermonibus
1769 510 1955 595 explicare.

246 615 266 677 2
298 611 450 699 impendo
475 618 585 677 tamen
608 631 667 697 per
689 613 815 677 litteras
838 611 985 677 debiturn
1008 612 1231 698 sospitationis
1254 612 1396 676 officium
1419 618 1611 698 partemque
1632 614 1774 699 pectoris
1803 614 1887 694 mei,
1920 613 1956 676 iu

297 736 360 801 quo
394 715 548 779 affectum
584 713 685 779 vostri
725 714 881 778 aviditate
918 715 1064 800 suscepi,
1103 716 1242 801 paginae
1282 715 1495 780 collocutione
1532 716 1726 782 transmitto.
1784 717 1954 800 simulque

297 818 464 904 deprecor,
488 824 524 883 ut
547 818 710 882 communi
734 817 865 882 domino
890 818 1089 903 supplicetis,
1112 824 1148 882 ut
1170 818 1265 882 citius
1289 840 1348 882 nos
1370 818 1470 882 faciat
1486 818 1626 882 fructum
1643 817 1684 883 de
1701 827 1814 884 nostra
1831 839 1956 905 capere

297 924 501 1009 praesentia,
544 942 689 1007 quosque
729 943 809 986 suae
848 922 1069 1006 inspirationis
1109 923 1264 986 instinctu
1304 923 1473 998 conexuit,
1511 922 1658 985 vultuum
1699 923 1799 987 etiam
1838 929 1957 986 mutua
1997 936 2008 971 ⁵

298 1026 422 1089 risione
447 1026 635 1109 coniungat,
665 1031 702 1089 ut
725 1024 923 1090 desiderium
945 1025 979 1086 in
1001 1026 1112 1104 nobis,
1143 1025 1228 1110 quod
1251 1025 1401 1089 accendit
1430 1026 1562 1104 affatus,
1596 1027 1779 1111 restinguat
1805 1026 1955 1090 obtutus.

246 1130 264 1190 3
298 1126 339 1191 de
356 1129 515 1192 columnis
531 1149 610 1192 vero
626 1129 748 1212 gratias
765 1149 827 1211 ago
845 1133 888 1205 et,
912 1129 997 1191 sicut
1012 1127 1163 1205 iussistis,
1187 1129 1263 1212 quis
1286 1127 1381 1192 modo
1405 1134 1537 1212 propter
1560 1129 1783 1192 imminentem
1807 1129 1956 1193 hiemem

298 1231 446 1296 vehicula
471 1231 526 1296 illo
550 1231 691 1314 dirigere
715 1252 778 1295 nou
803 1252 948 1317 possum,
973 1235 1048 1317 post
1071 1240 1218 1294 sanctum
1242 1229 1366 1315 pascha
1382 1230 1523 1315 propitia
1538 1229 1707 1296 divinitate
1724 1231 1956 1295 transmittam.

246 1338 265 1396 4
298 1333 339 1398 de
362 1334 542 1397 minoribus
566 1354 654 1411 vero,
679 1333 764 1397 sieut
786 1334 886 1398 verbo
910 1332 1100 1411 mandastis,
1128 1331 1155 1395 si
1179 1332 1317 1395 inveniri
1341 1339 1486 1417 possunt,
1513 1332 1592 1395 mihi
1617 1335 1668 1398 vel
1692 1333 1808 1398 decem
1832 1353 1955 1397 neces·

299 1437 402 1501 sarias
440 1458 515 1501 esse
557 1436 716 1520 significo.
775 1435 833 1501 sed
869 1437 896 1500 si
932 1434 1081 1500 dominus
1122 1454 1279 1520 prospera
1319 1435 1475 1498 universa
1516 1438 1730 1517 concesserit,
1773 1441 1955 1521 antequam
1984 1448 2009 1486 1⁰

299 1539 452 1605 vehicula
474 1538 623 1624 dirigam,
647 1539 688 1603 ad
711 1560 770 1603 vos
794 1538 957 1604 homiuem
980 1538 1161 1604 destinabo.

1064 1829 1186 1897 LXIV.

514 1983 731 2049 RURIOIUS
754 1982 1002 2049 EPISOOPUS
1027 1982 1196 2048 FRATRI
1218 1982 1480 2048 VOLUSIANO
1507 1983 1737 2050 EPISOOPO.

251 2128 263 2186 1
404 2102 484 2212 Iri,
514 2130 601 2216 quod
624 2131 718 2216 peius
741 2137 807 2210 cst,
837 2130 1007 2194 caritatem
1031 2132 1197 2215 antiquam
1221 2136 1253 2193 ct
1286 2130 1416 2193 insitam
1447 2131 1553 2205 nobis,
1585 2131 1717 2215 partim,
1749 2153 1848 2217 quam
1877 2153 1956 2197 oon·

299 2234 457 2299 fitendum
480 2240 541 2311 ost,
564 2234 775 2318 neglegentia
798 2239 919 2314 nostra,
944 2235 1062 2318 partim
1086 2234 1283 2296 necessitate
1308 2233 1474 2318 temporis,
1504 2235 1623 2316 partim
1648 2234 1794 2319 corporis
1817 2235 1956 2299 infirmi·
1984 2250 2008 2287 ¹⁵

299 2343 368 2402 tate
391 2338 547 2418 iaciente,
574 2339 673 2421 longa
695 2334 819 2400 delevit
842 2336 977 2413 obliuio,
1006 2343 1042 2399 ut
1065 2335 1196 2420 ponitus
1220 2337 1425 2399 immemores
1451 2337 1552 2399 nostri
1577 2336 1653 2400 lacti
1677 2357 1741 2400 non
1765 2337 1874 2401 solum
1898 2358 1957 2401 vos

249 2446 268 2506 2
299 2441 398 2505 nullis
422 2440 538 2504 officiis
562 2440 682 2503 mutuis
707 2438 765 2504 sed
787 2460 848 2505 uec
870 2440 989 2504 litteris
1014 2441 1226 2527 requiramus.
1266 2441 1374 2515 miror,
1398 2441 1603 2507 nobilitatem
1627 2448 1714 2505 tuam
1738 2443 1829 2527 quasi
1853 2443 1957 2507 filium

298 2543 340 2608 ad
368 2565 419 2608 ma
447 2544 576 2608 litteras
607 2542 788 2619 destinare,
818 2563 890 2606 cum
914 2543 984 2606 sinc
1007 2542 1074 2607 ullo
1098 2548 1251 2628 respectu
1275 2543 1439 2626 religionis
1463 2549 1520 2607 aut
1543 2546 1798 2630 propinquitatis
1821 2546 1881 2611 tibi
1906 2547 1958 2610 in-

248 2650 266 2712 3
299 2647 401 2711 iuriae
430 2653 560 2710 nostrae
593 2647 639 2710 sic
670 2648 837 2732 placeant,
871 2651 908 2709 ut
934 2666 991 2709 eas
1018 2645 1184 2709 vindicare
1216 2667 1280 2708 non
1311 2646 1402 2712 velis.
1447 2646 1547 2723 unde,
1584 2650 1646 2712 nisi
1675 2649 1958 2714 existimationem

299 2771 460 2836 personae
483 2770 577 2814 meae
600 2756 656 2813 aut
679 2749 775 2814 officii
798 2749 1007 2834 cogitassem,
1037 2749 1229 2832 portitorem
1252 2748 1435 2813 litterarum
1458 2755 1586 2814 tuarum
1610 2753 1709 2816 talem
1733 2751 1775 2818 ad
1798 2758 1832 2818 te
1856 2753 1956 2818 remi·
1983 2766 2009 2806 2⁰

300 2874 420 2933 seram,
457 2852 572 2939 quales
605 2852 751 2917 homines
784 2873 875 2917 meos
908 2873 973 2917 non
1006 2858 1155 2916 matrona
1182 2859 1308 2932 vestra,
1343 2852 1401 2916 sed
1437 2852 1568 2918 domina
1599 2875 1720 2938 procax
1752 2855 1888 2919 nimium
1924 2861 1960 2921 et

300 2957 459 3022 effrenata
487 2955 653 3042 perduxit3
683 2958 776 3021 cuius
803 2977 911 3021 mores
941 2958 967 3019 si
991 2962 1026 3019 tu
1049 2960 1140 3020 tanto
1162 2961 1309 3039 tempore
1333 2975 1405 3018 cum
1429 2955 1536 3020 famae
1560 2961 1636 3021 tuae
1660 2957 1876 3025 diminutione
1900 2965 1960 3023 aut

299 3061 481 3124 voluntarie
506 3065 562 3123 aut
584 3061 785 3125 necessitate
810 3065 994 3145 supportas,
1025 3059 1106 3123 alios
1129 3059 1262 3123 noveris
1285 3079 1347 3122 nec
1370 3058 1456 3122 velle
1480 3058 1566 3122 ferre
1590 3081 1650 3125 nec
1674 3081 1748 3126 osse
1772 3069 1958 3129 contentos.

248 3169 267 3227 4
299 3185 375 3228 nam
398 3162 484 3249 quod
509 3162 624 3227 scribis
647 3170 679 3227 te
695 3170 784 3228 metu
800 3164 943 3228 hostium
960 3162 1113 3227 hebetem
1129 3163 1261 3243 Iactum,
1284 3163 1401 3226 timere
1417 3162 1545 3227 hostem
1561 3185 1626 3228 non
1643 3162 1743 3230 debet
1759 3171 1958 3231 extraneum

300 3269 354 3353 qui
378 3268 546 3332 consuevit
569 3267 731 3332 sustinere
756 3266 982 3332 domesticum.
1532 3338 1535 3351 Ι
1984 3284 2010 3325 sa

401 3525 418 3578 4
436 3536 466 3580 ut
484 3556 516 3564 -
536 3525 553 3577 5
571 3524 725 3594 praesentia]
748 3526 811 3576 hoec
834 3542 865 3576 aa
886 3525 996 3590 spirata
1017 3540 1083 3589 qrtae
1107 3524 1201 3575 dicim
1219 3523 1307 3576 Severi
1330 3525 1362 3576 dc
1383 3525 1472 3575 ultimo
1495 3526 1589 3578 {sedicio
1608 3533 1655 3577 c.1
1675 3528 1724 3592 (ed
1742 3527 1826 3578 Halm
1841 3546 1870 3594 p.
1883 3529 1961 3593 219):

301 3615 368 3679 quod
391 3615 455 3664 meis
472 3614 539 3664 votis
563 3621 588 3664 et
610 3613 767 3663 orationibus
785 3613 837 3663 tuis
859 3611 891 3661 de
915 3618 1002 3661 nostra
1025 3627 1071 3660 nos
1096 3612 1209 3661 fructum
1232 3612 1308 3662 faeiat
1332 3627 1422 3677 capere
1444 3613 1600 3678 praesentia,
1624 3614 1752 3680 exempta
1773 3630 1827 3665 csse
1850 3613 1961 3681 Beluae,

301 3698 480 3762 Masclianae,
498 3698 588 3765 I'rcef.
601 3699 710 3752 oeusrrit:
728 3700 761 3765 cs.
774 3715 856 3763 supro
869 3697 894 3760 1,
907 3700 937 3746 16
1023 3696 1040 3746 i)
1057 3696 1245 3747 instinctumG
1297 3698 1435 3748 uultmuG
1523 3695 1692 3766 Icelumuis]
1705 3701 1739 3766 cs.
1752 3700 1863 3755 Forma.
1877 3719 1961 3753 carm.

303 3784 393 3848 1125,
410 3791 452 3835 11:
477 3792 590 3852 tempore
612 3786 722 3851 quisque
745 3801 792 3835 suo
815 3784 926 3834 fundans
948 3783 990 3849 pia
1011 3784 1105 3850 templa
1127 3785 1226 3850 patroni
1242 3781 1246 3849 1
1263 3785 1310 3834 iste
1334 3783 1467 3848 (liuticios
1488 3784 1584 3848 senior)
1605 3787 1757 3853 Augustim,
1780 3787 1962 3840 condidit.illo

210 3865 214 3874 “
304 3868 412 3935 fiuntur)
429 3871 499 3922 Petri
609 3867 643 3920 14
659 3877 757 3936 partem
775 3869 911 3935 recupero
980 3866 1068 3935 quem]
1085 3869 1116 3932 G,
1133 3870 1252 3935 emmnyit
1270 3869 1412 3920 dlommseu
1522 3868 1554 3919 16
1573 3871 1705 3922 delebitO
1773 3872 1924 3924 inmemoris
1939 3874 1964 3925 0

302 3953 360 4022 noa]
379 3957 465 4007 riost}
569 3954 602 4005 19
618 3956 734 4007 ueIIIsG
837 3952 872 4005 23
890 3955 1052 4005 uoluntariae
1068 3953 1105 4004 0·
1194 3951 1229 4004 24
1247 3955 1266 4005 ti
1288 3956 1311 4005 0
1379 3963 1450 4006 metu
1467 3953 1593 4022 hostium]
1612 3958 1646 4024 es.
1662 3956 1736 4023 (ἔτερ.
1754 3956 1816 4008 mr.
1834 3958 1892 4009 uisa
1911 3958 1962 4010 mr.

304 4039 342 4103 X,
359 4044 404 4092 31.-
430 4050 456 4092 ot
476 4043 509 4093 ob
532 4042 599 4093 hauc
619 4058 725 4093 oausam
748 4042 790 4092 hic
813 4043 928 4108 pontifex
947 4048 1083 4107 suspectus
1102 4041 1204 4092 habitus
1222 4059 1237 4091 a
1256 4042 1358 4105 Gothis,
1382 4043 1450 4107 quod
1468 4059 1495 4093 se
1514 4045 1671 4095 Francorum
1688 4045 1830 4095 ditionibus
1848 4046 1963 4097 subdere

302 4128 393 4193 vellet,
418 4129 486 4195 apud
504 4129 594 4180 urbem
612 4129 751 4180 'Pholossm
772 4128 850 4179 exilio
868 4128 1082 4194 condempnatus,
1105 4128 1132 4177 in
1150 4144 1180 4178 eo
1199 4129 1262 4178 obiit
1347 4128 1467 4179 habetem
1489 4130 1512 4179 0
1632 4128 1666 4180 25
1683 4128 1863 4197 domesticum]
1883 4132 1963 4184 finit.

302 4215 445 4266 FlNlUNT
462 4216 628 4265 El’lS'lULIl
646 4214 758 4265 DOMNI
776 4215 906 4265 RURICII
923 4215 1076 4266 EPISCOI’I
1095 4214 1306 4265 LEMOUICENI
1327 4213 1390 4265 adu.
1405 4216 1429 4265 11
