4462 6216
835 350 945 423 arana
960 353 1036 424 vm,
1055 356 1087 410 11
1100 355 1146 424 aa
1164 385 1197 395 -
1217 356 1250 410 ra
1262 357 1279 426 a
1291 358 1316 414 4.
1845 367 1903 431 143

253 524 287 583 et
314 519 401 584 efflei
431 520 581 606 dignum,
615 523 647 588 in
678 530 799 590 statum
828 527 920 591 cuius
948 529 1207 615 respondeantur
1238 530 1390 616 adversa,
1426 533 1503 598 dum
1533 535 1742 621 requiruntur
1769 537 1903 603 inlicita.

253 629 368 687 secuta
395 625 526 709 quidem
558 632 609 690 est
637 629 719 693 ultio
752 629 949 713 extinctum,
979 631 1040 697 sed
1069 635 1174 719 magis
1204 643 1342 721 prosunt
1371 638 1435 702 ista
1457 638 1602 706 victuris.
1650 661 1726 705 nam
1752 643 1904 728 quotiens

252 725 416 791 homicida
438 731 581 815 punitur,
604 753 669 797 non
694 740 745 799 est
767 734 945 800 remedium
970 737 1027 802 sed
1051 738 1208 802 solacium
1230 740 1399 808 vindicari.
1445 743 1650 826 longiuscule
1673 765 1726 809 me
1750 744 1955 830 progredilt

253 850 345 894 amor
375 832 517 918 impulit,
549 835 641 899 cuius
669 858 826 921 angorem
856 839 985 905 silentio
1016 841 1173 907 exhalare
1204 864 1269 907 non
1293 845 1391 911 valui.
1436 852 1472 910 tn
1495 845 1642 927 interim,
1673 847 1701 910 si
1732 847 1807 933 quid
1830 848 1904 912 istie

213 946 225 984 ⁵
252 934 386 1018 cognitu
415 935 563 1020 dignum,
594 939 678 1002 citus
705 939 830 1021 indica,
860 943 968 1007 saltim
997 944 1038 1009 ob
1065 944 1127 1009 hoc
1150 946 1315 1027 scribens,
1345 955 1382 1011 ut
1404 948 1548 1013 animum
1570 969 1680 1013 meum
1704 950 1903 1015 tristitudine

252 1056 388 1120 gravem
410 1040 509 1104 lectio
532 1041 630 1106 levet.
676 1064 816 1130 namque
841 1046 976 1112 confuso
1000 1048 1124 1133 pectori
1147 1070 1286 1128 maeror,
1315 1052 1503 1138 etquidem
1526 1052 1607 1133 iure,
1638 1054 1797 1140 plurimus
1821 1061 1904 1134 crat,

253 1163 326 1205 cum
357 1144 485 1229 paginis
511 1144 575 1209 ista
605 1149 843 1213 committerem
867 1151 947 1214 sola.
993 1172 1100 1237 neque
1125 1153 1210 1216 enim
1235 1155 1314 1218 satis
1337 1156 1415 1220 mihi
1439 1154 1527 1221 aliud
1550 1156 1611 1221 hoe
1634 1162 1782 1243 tempora
1806 1179 1904 1221 manu

254 1266 405 1311 sermone
429 1249 566 1313 consilio
590 1251 733 1316 seribere
757 1252 846 1338 loqui
870 1255 1002 1320 volvere
1026 1256 1117 1321 libet.
1161 1256 1246 1322 vale.

1040 1582 1117 1650 XII.

669 1734 882 1801 SIDONIUS
907 1737 1137 1805 TRYGETIO
1162 1737 1248 1804 SUO
1273 1739 1495 1807 SALUTEM.

203 1899 227 1938 ¹⁰
363 1869 548 1964 Taurumve
571 1906 603 1964 te
620 1899 792 1965 Vasatium
817 1901 934 1965 civitas
957 1922 1022 1966 non
1047 1901 1184 1987 caespiti
1207 1902 1361 1990 imposita
1377 1904 1435 1969 sed
1450 1906 1589 1990 pulveri,
1612 1911 1737 1971 tantum
1756 1906 1903 1993 Syrticus
1938 1914 1951 1972 l

253 2021 334 2085 ager
361 2023 399 2066 ae
428 2024 545 2087 vagum
577 2006 681 2068 solnm
712 2011 746 2069 et
769 2006 921 2070 volatiles
945 2006 1052 2069 ventis
1084 2006 1318 2071 altercantibus
1346 2006 1490 2073 harenae
1515 2008 1577 2072 sibi
1600 2009 1783 2095 possident,
1812 2017 1848 2074 ut
1871 2019 1903 2077 te

253 2106 380 2189 magnis
405 2106 602 2190 .llagitatum
636 2109 802 2193 precibus,
843 2110 952 2196 parvis
986 2116 1185 2195 separatum¹
1207 2110 1339 2194 spatiis,
1378 2110 1489 2174 multis
1525 2118 1751 2199 exspectatum
1786 2112 1903 2179 diebus

254 2209 422 2275 attrahere
457 2211 669 2298 Burdigalam
707 2235 770 2279 non
806 2220 1002 2300 potestates,
1041 2236 1105 2279 non
1140 2213 1320 2291 amicitiae,
1353 2235 1419 2279 non
1452 2215 1596 2300 opimata
1628 2215 1760 2279 vivariis
1794 2222 1904 2282 ostrea

254 2319 403 2397 queant?
434 2335 475 2379 an
499 2316 703 2401 temporibus
727 2317 871 2382 hibernis
895 2318 1020 2382 viarum
1044 2324 1077 2383 te
1100 2317 1200 2383 dubia
1223 2317 1428 2403 suspendunt
1450 2323 1493 2399 et,
1517 2319 1592 2404 qnia
1615 2320 1699 2384 solet
1714 2319 1903 2404 Bigerricus

201 2430 226 2468 ¹⁵
253 2417 350 2481 turbo
372 2419 541 2484 mobilium
558 2441 715 2505 aggemm
731 2421 852 2486 indicia
867 2421 1078 2502 confundere,
1102 2421 1262 2506 quoddam
1279 2422 1403 2486 vereris
1419 2423 1452 2485 in
1468 2422 1585 2488 itinere
1603 2429 1733 2488 terreno
1749 2422 1903 2509 pedestre

253 2521 480 2606 naufragium?
518 2524 584 2604 ubi,
608 2545 818 2609 quaesumus,
841 2526 948 2589 animo
972 2531 1039 2589 tam
1062 2525 1214 2590 celeriter
1237 2526 1382 2589 excessit
1397 2527 1545 2611 vestigiis
1567 2527 1631 2590 tuis
1648 2548 1753 2613 nuper
1768 2528 1905 2592 subacta
1936 2532 1956 2592 2

255 2621 387 2709 Calpis?
425 2626 482 2689 ubi
512 2626 579 2690 fixa
610 2629 751 2693 tentoria
785 2629 817 2692 in
848 2629 990 2693 occiduis
1019 2628 1138 2693 finibus
1167 2627 1428 2693 Gaditanorum?
1472 2629 1529 2693 ubi
1560 2630 1616 2694 ille
1643 2628 1800 2715 Trygetio
1830 2652 1903 2696 meo

254 2727 339 2792 idem
374 2729 428 2815 qui
462 2729 600 2794 Herculi
635 2731 798 2816 quondam
832 2733 989 2796 terminus
1027 2730 1279 2817 peregrinandi?
1333 2738 1503 2797 tantumne
1538 2753 1558 2795 a
1590 2738 1622 2796 te
1656 2733 1728 2817 ipso
1764 2734 1835 2818 ipse
1869 2739 1904 2797 tu

254 2829 437 2917 discrepas,
471 2841 508 2897 ut
539 2841 626 2899 totns
661 2836 694 2898 in
725 2834 870 2900 desidiae
904 2836 975 2899 iura
1005 2835 1224 2914 concesseris,
1258 2855 1321 2919 quo
1355 2841 1549 2920 peragrante
1578 2841 1707 2900 secreta
1735 2838 1904 2921 regionum

200 2948 226 2988 2⁰
252 2933 475 3000 fabulosarum
499 2938 589 3023 prius
614 2939 717 3003 defuit
740 2939 825 3003 aetio
848 2938 969 3003 laboris
993 2959 1090 3023 quam
1114 2938 1316 3022 fatigationis
1339 2938 1497 3002 intentio?
1536 2944 1658 3024 etpost
1675 2939 1756 3003 haee
1773 2946 1901 3025 portum
1935 2942 1953 3004 3

253 3037 429 3123 Alingonis
457 3048 525 3105 tam
552 3044 649 3128 piger
677 3043 801 3123 calcas,
832 3064 870 3107 ae
899 3043 926 3106 si
955 3042 1015 3107 tibi
1038 3063 1124 3107 nunc
1148 3049 1238 3107 esset
1260 3041 1301 3106 ad
1324 3043 1460 3106 limitem
1483 3040 1693 3105 Danuvinum
1717 3049 1831 3106 contra
1852 3042 1902 3106 in-

254 3163 405 3207 cursaces
422 3144 629 3230 Massagetas
653 3146 935 3233 proficiscendum,
959 3147 1012 3211 vel
1036 3147 1063 3210 si
1086 3167 1171 3210 nunc
1195 3147 1293 3210 etiam
1314 3152 1390 3210 tuae
1406 3146 1481 3210 navi
1496 3151 1613 3230 stagna
1626 3143 1780 3208 Nilotidis
1796 3167 1900 3231 aquae

251 3267 312 3332 por
343 3246 511 3331 indigenas
542 3248 715 3313 formidata
745 3251 941 3314 crocodillos
972 3251 1271 3316 transfretarentur.
1318 3255 1351 3314 et
1381 3270 1454 3313 enm
1486 3269 1546 3312 nec
1577 3245 1747 3312 duodecim
1777 3250 1902 3313 milium

256 3349 386 3413 obiectu
416 3351 460 3414 sic
492 3352 682 3433 retarderis,
713 3353 790 3439 quid
813 3361 966 3439 putamus
990 3376 1061 3419 cum
1087 3355 1236 3420 exercitu
1260 3352 1363 3418 Marci
1387 3353 1521 3418 Catonis
1549 3353 1583 3417 in
1605 3352 1781 3438 Leptitana
1805 3351 1901 3438 Syrte

199 3466 224 3506 ²⁵
251 3452 409 3516 fecisses?
463 3455 521 3519 scd
560 3456 740 3542 quamlibet
780 3458 849 3523 sola
884 3457 1072 3522 hiemalium
1111 3457 1273 3522 mensium
1313 3456 1445 3521 nomina
1478 3462 1613 3537 tremas,
1652 3461 1719 3519 tam
1757 3457 1901 3520 clemens
1934 3460 1953 3520 4

359 3714 371 3764 1
397 3708 450 3766 cui'
468 3734 534 3766 corr.
554 3717 641 3768 iacui
661 3718 697 3769 0²
784 3719 950 3784 requirantur
967 3716 1046 3769 ΜΟΡ
1128 3717 1218 3768 illicita
1236 3716 1296 3767 ΜΤ
1295 3717 1365 3768 OFP
1485 3713 1502 3765 2
1523 3721 1633 3781 sequma
1651 3714 1675 3764 L
1760 3722 1800 3766 est
1817 3733 1866 3767 oar.
1883 3714 1908 3765 Τ

251 3837 352 3900 quoties
372 3835 449 3900 (corr.
467 3838 495 3887 ia
512 3840 613 3903 quoties
632 3839 683 3895 Μ’)
704 3839 815 3890 LMTF
914 3838 1068 3890 3solatium
1087 3838 1121 3887 Μ
1123 3837 1195 3888 TFP
1296 3836 1472 3903 darrguorem
1495 3834 1520 3884 Τ
1584 3835 1686 3886 silentia
1703 3835 1732 3897 Τ,
1749 3835 1906 3888 silentiorO

251 3957 372 4008 exhalare
390 3957 444 4020 Lo,
466 3959 568 4009 exalare
587 3958 644 4022 FP,
667 3960 848 4011 ex···lralare
867 3959 896 4023 (3
915 3960 960 4010 litt.
979 3976 1046 4010 erar.
1064 3956 1122 4012 Μ’)
1142 3958 1180 4021 Μ,
1203 3959 1334 4010 extarbala
1350 3957 1374 4008 Τ
1440 3958 1523 4038 valuit.
1535 3956 1584 4021 F',
1602 3957 1673 4023 potui
1691 3956 1715 4006 Τ
1813 3956 1904 4022 bpoct

251 4078 358 4143 dignum
376 4079 423 4143 lep.
443 4095 482 4128 .s.
501 4082 536 4135 ÷
554 4097 573 4129 a
592 4081 609 4130 l.
626 4080 654 4130 in
673 4079 718 4128 Μ’
806 4080 939 4131 tristudine
959 4080 987 4144 0,
1011 4081 1203 4132 tristitndudine
1221 4080 1250 4131 F
1368 4078 1384 4129 6
1408 4096 1511 4144 nanque
1529 4078 1561 4127 Μ
1686 4075 1701 4127 'l
1726 4078 1795 4128 euim
1816 4095 1863 4128 om.
1880 4076 1906 4126 P

251 4200 314 4251 satis
336 4200 405 4251 enim
428 4200 478 4250 FF
567 4201 643 4251 michi
664 4202 686 4252 0
779 4202 849 4252 aliud
874 4219 922 4252 om.
946 4200 971 4250 Τ
1095 4199 1112 4253 8
1138 4202 1196 4253 vale
1219 4217 1267 4252 om.
1285 4198 1342 4249 ΜΡ
1468 4196 1485 4248 9
1507 4199 1635 4265 trygethio
1653 4199 1685 4262 L,
1712 4156 1829 4250 triiethio
1847 4196 1903 4260 Μ’,

252 4321 371 4387 trigcthio
392 4322 419 4384 0,
443 4321 544 4386 trigetio
566 4320 638 4370 TFI'
746 4320 780 4372 10
801 4327 840 4372 sat
858 4319 887 4371 F
959 4278 1069 4372 trintum
1087 4319 1127 4371 F¹
1203 4321 1305 4371 sirtieus
1327 4319 1398 4371 TOF
1501 4316 1533 4369 11
1557 4336 1650 4370 menae
1668 4318 1724 4369 ΜΟ
1740 4327 1764 4369 et
1786 4336 1852 4369 corr.
1871 4334 1903 4368 esc

251 4442 349 4515 aer²
442 4440 474 4492 12
491 4443 582 4508 spaciis
594 4442 650 4493 ΜΟ
698 4450 860 4510 expectatum
874 4442 978 4493 MOFI’
1064 4440 1098 4492 13
1114 4441 1285 4494 adtrahereL
1337 4441 1504 4507 burdegalam
1523 4436 1905 4503 (carminantem

252 4564 384 4615 amiciciae
405 4562 458 4626 CF,
475 4565 585 4615 amicitia
604 4561 631 4628 (a
649 4583 715 4616 corr.
734 4565 763 4616 ia
779 4582 809 4616 ae
827 4563 885 4627 Μ’)
905 4563 965 4612 ΜΤ
1036 4564 1114 4615 variis
1132 4580 1160 4614 oa
1177 4580 1208 4613 aa
1225 4562 1330 4612 vivariis
1348 4569 1432 4612 ostrea
1449 4561 1477 4610 in
1494 4578 1547 4610 res.
1566 4559 1613 4609 Μ’
1726 4555 1758 4609 14
1775 4559 1840 4610 solet
1856 4576 1902 4608 auo

253 4685 308 4735 loco
326 4701 375 4734 om.
393 4685 440 4749 lep.
455 4692 514 4748 post
531 4685 688 4736 confundere
704 4684 775 4736 inc
841 4684 970 4750 bigerieus
988 4683 1018 4734 F
1120 4680 1152 4732 16
1170 4682 1333 4748 naufragium
1351 4681 1468 4747 pedestre
1488 4680 1511 4732 0
1576 4679 1623 4730 ubi
1640 4691 1783 4752 quesumus
1796 4685 1903 4744 praeter

252 4822 343 4855 suiuus
364 4806 392 4854 in
413 4823 466 4854 rea.
485 4804 541 4868 Μ’,
567 4805 612 4855 ubi
628 4806 660 4870 sps
683 4804 732 4854 TF
866 4801 898 4853 17
921 4812 981 4854 ante
1001 4804 1082 4870 calpis
1105 4803 1152 4869 icy.
1174 4820 1247 4854 mons
1270 4793 1370 4870 hispan'
1388 4802 1415 4851 ia
1438 4800 1463 4850 Τ
1561 4800 1643 4867 calpis
1665 4800 1711 4851 ubi
1733 4800 1761 4850 ia
1782 4817 1836 4850 ras.
1856 4798 1901 4848 Μ’

252 4927 444 4994 graditanorum
469 4924 561 4991 (prior.
584 4945 597 4977 r
617 4945 684 4977 eras.
704 4925 753 4990 0²)
774 4926 796 4975 Ο
894 4924 1023 4990 trygethio
1040 4921 1099 4986 LT,
1124 4923 1244 4988 tyrigetio
1263 4922 1305 4985 Μ,
1329 4921 1475 4972 ltricethio
1496 4938 1516 4969 a.
1539 4920 1556 4970 i.
1575 4917 1638 4969 aaa.
1656 4918 1712 4981 Μ’,
1736 4918 1855 4984 trigcthio
1875 4918 1903 4981 0,

253 5048 391 5098 trielrccbie
409 5046 442 5109 F,
469 5047 569 5113 trigetio
589 5045 621 5152 ἐζ
759 5044 791 5096 18
817 5045 884 5096 idem
905 5042 1040 5105 LMTFP,
1066 5043 1092 5093 id
1116 5041 1197 5093 aatC'
1340 5039 1372 5091 19
1395 5041 1422 5090 in
1447 5058 1466 5091 a.
1485 5040 1502 5090 l.
1527 5039 1590 5089 add.
1614 5038 1649 5087 Τ’
1755 5038 1851 5110 desidie
1877 5040 1903 5110 (p

252 5169 280 5218 ia
298 5185 349 5217 ras.
360 5167 392 5215 Μ
400 5167 419 5231 ¹)
430 5167 460 5217 Μ
546 5164 581 5218 20
616 5169 664 5218 suit
679 5166 713 5215 Τ’
801 5160 834 5215 21
852 5164 980 5230 alingonis
996 5163 1087 5229 (prior.
1100 5160 1255 5218 nereafl²l
1269 5162 1296 5225 0,
1313 5162 1459 5228 alingnonis
1468 5158 1576 5210 MTFP
1625 5158 1784 5208 danubinum
1794 5156 1903 5222 MOFI’,

253 5289 396 5340 danubium
414 5288 438 5336 Τ
537 5284 571 5336 22
588 5298 648 5338 tuae
667 5288 725 5337 rravi
744 5286 776 5349 L,
800 5293 859 5336 tuae
878 5301 956 5335 naves
974 5282 1011 5347 (es
1028 5284 1057 5334 ia
1074 5300 1128 5333 raa.
1146 5281 1178 5332 Μ
1183 5284 1203 5346 ²,
1226 5277 1667 5345 uavess.l.add.F²)d1TOFP
1767 5276 1801 5329 23
1818 5281 1903 5331 formi-

254 5406 405 5473 data(1›oal.
424 5407 484 5457 aia
502 5424 553 5456 raa.
574 5406 633 5471 Μ’)
653 5405 686 5454 Μ
768 5405 932 5456 crocodrillos
950 5402 1012 5466 MP,
1034 5402 1197 5454 corcodrillos
1220 5402 1248 5466 T,
1268 5402 1418 5454 cocodrillos
1438 5401 1486 5452 OF
1569 5401 1760 5450 transfretarent
1777 5399 1811 5449 Μ
1813 5399 1907 5451 wer>

253 5527 286 5580 24
305 5531 342 5581 sic
359 5547 380 5579 a.
399 5530 416 5578 1.
435 5527 501 5623 add}
512 5526 557 5576 Μ’
606 5597 610 5626 1
637 5535 712 5593 yantas
728 5526 757 5577 F
829 5527 959 5593 lepcitana
970 5523 1028 5588 LT,
1049 5523 1203 5590 lepitanaF
1280 5524 1341 5576 sirte
1358 5523 1382 5574 Τ
1381 5522 1452 5574 OFP
1564 5518 1599 5571 ‘db
1616 5520 1659 5571 sed
1677 5518 1710 5568 Μ
1713 5519 1812 5585 war,
1835 5522 1904 5574 deb

254 5667 388 5707 mensuum
406 5648 431 5699 L
495 5626 591 5701 'tremas
609 5649 713 5702 nomina
729 5656 829 5715 tranap.
843 5646 878 5701 0¹
