4462 6216
692 322 893 379 AUCTORUM
913 324 1061 380 SIDONIO
1081 327 1333 383 ANTERIORUM.

316 493 502 560 SIDONII
517 494 866 564 EPISTULARUM

187 597 264 659 118‚1
279 616 285 649 :
305 594 507 649 Maestissimus
525 597 594 650 haec
612 597 664 650 tibi
683 599 792 654 nuntio.

269 702 275 734 :
294 680 496 735 infortunatam
515 683 724 737 fecunditatem.

188 769 286 832 1182:
306 767 329 821 si
358 767 407 835 qui
431 768 506 821 haud
531 768 669 824 incassum
694 770 782 825 honor
807 771 988 826 cadaveribus

292 853 472 922 impenditur.

267 1045 272 1078 :
293 1024 481 1094 vispillonum.

268 1132 274 1165 :
293 1112 436 1180 perpetuis
460 1111 572 1165 sedibus
596 1112 746 1169 dormienti
765 1116 882 1170 similior
900 1115 990 1169 inlata

293 1214 321 1250 es
337 1239 343 1251 .

269 1305 275 1337 :
295 1200 410 1352 plisnctu
430 1301 516 1353 prope
534 1285 645 1338 calente
663 1284 777 1339 dictavi.

268 1390 274 1422 :
294 1386 404 1422 carmen
423 1386 545 1424 saxeum.
579 1371 705 1437 (ΗΜ.

188 1455 377 1524 Hileiam:
396 1459 481 1524 atque
500 1456 568 1526 ipsis
586 1456 741 1511 senioribus
759 1457 909 1524 sequenda,

397 1540 587 1596 discordantia
604 1558 677 1610 quae
694 1543 786 1596 solent
803 1542 897 1611 putari

396 1644 503 1681 morum
523 1627 722 1682 commoditate
741 1627 898 1698 copulasti:

397 1730 462 1766 nam
481 1712 557 1767 vitae
574 1713 689 1767 comites
709 1713 798 1767 bonae
816 1714 929 1767 fuerunt

396 1798 511 1852 libertas
528 1799 623 1869 gravis
641 1803 670 1854 et
688 1799 777 1869 pudor
795 1799 910 1853 facetus.

265 1886 316 1938 15:
336 1883 439 1937 iniuste
459 1884 512 1937 tibi
532 1884 607 1939 iusta
623 1885 774 1955 persoluta.

371 1970 402 2035 cf.
415 1970 455 2024 111
465 1972 509 2036 3‚8
527 1970 578 2038 (111
589 1972 668 2038 125).

191 2057 216 2111 II
227 2057 267 2118 al
282 2076 288 2108 :
307 2055 381 2109 iuter
401 2097 441 2111 ...
460 2056 617 2111 Ferreolum
636 2058 665 2111 ct
677 2056 867 2125 Apollinarem
879 2058 990 2127 tempus

294 2141 569 2211 voluptuosissimum
588 2143 633 2210 (cf.
646 2143 722 2209 rar)
742 2142 831 2211 exegi.

190 2225 287 2289 llas:
307 2227 506 2296 crepitantium
524 2228 694 2283 fritillorum.

189 2311 287 2374 ssep:
306 2313 499 2383 archimagiro.

270 2419 276 2452 :
295 2399 392 2468 paucis
410 2399 613 2470 paropsidibus.

190 2487 290 2548 use:
309 2485 456 2541 coctilibus
493 2486 573 2555 aquis
606 2486 802 2556 ingerebamur
836 2485 990 2552 harumque

294 2572 356 2624 fotu
435 2571 550 2626 resoluti
572 2575 623 2625 aut
647 2572 763 2625 fontano
785 2570 916 2640 deinceps
941 2569 990 2623 fri·

292 2675 359 2727 gore
396 2658 560 2728 putealique
596 2661 646 2711 aut
676 2656 783 2711 fluviali
815 2656 896 2726 copia
924 2655 989 2709 soli-

295 2743 438 2798 dabamur.
473 2745 690 2811 apamiae.

190 2829 305 2889 nale:
324 2847 406 2884 cenas
429 2833 458 2885 et
482 2830 595 2900 quidem
614 2829 800 2885 unctissimas.
829 2829 862 2894 cf.
874 2827 913 2882 IV
922 2827 989 2893 24,3.

269 3089 432 3158 :epistulae
450 3092 569 3159 tergum.
599 3088 784 3156 efivffllar.
879 3143 882 3148 ,

189 3174 303 3240 1110,1:
323 3193 385 3230 amo
403 3176 433 3229 in
452 3177 480 3230 te
499 3175 574 3244 quod
592 3175 703 3229 litteras
720 3191 806 3228 amas.
833 3173 950 3239 cella.

269 3279 344 3316 :nos
377 3279 489 3331 quoque
519 3261 703 3315 subduximus
732 3260 839 3314 ferulae
869 3276 990 3313 manum.

293 3349 325 3414 cs.
338 3348 435 3411 V5‚‘2:
454 3350 518 3418 post
536 3348 639 3402 ferulas
657 3345 793 3401 lectionis.

267 3455 273 3488 z
293 3433 526 3489 barbarismorum
545 3433 681 3504 robigine.
710 3432 852 3499 αἶῊὸΛ.

190 3520 304 3586 nme:
324 3537 495 3588 quamquam
513 3519 623 3574 iuvenis
642 3519 694 3572 hac
712 3517 800 3572 animi
817 3516 989 3572 maturitate.

293 3605 327 3670 cs.
345 3606 444 3670 mal.

189 3693 216 3746 Il
228 3693 304 3754 10‚4:
323 3691 507 3762 paupertinus
586 3693 702 3746 culmus.
731 3691 764 3757 cs.
782 3691 883 3753 meu.

190 3781 218 3834 Π
229 3779 261 3833 10
269 3795 290 3833 c.
304 3780 319 3832 I
334 3799 340 3833 :
359 3781 450 3833 ortum
469 3778 614 3848 prospicit.
641 3779 674 3844 cf.
685 3777 796 3847 affilxn
806 3776 857 3832 154
867 3793 921 3845 sqq.

296 3952 324 4004 ll
343 3971 349 4004 :
368 3949 534 4004 distinctum
553 3949 629 4004 vario
648 3950 740 4005 nitore
758 3966 885 4004 marmor.

295 4038 375 4103 Illuc.
395 4056 401 4089 :
422 4053 558 4105 campum·
582 4036 704 4091 medium
800 4035 887 4091 vestit
907 4052 991 4089 saxea

346 4120 425 4175 silva.
455 4122 573 4187 cfiIIrA.
592 4123 706 4177 cxxn
715 4124 775 4177 206.

295 4210 329 4263 ‘25
340 4224 393 4275 aa:
408 4225 553 4262 curvorum
565 4208 631 4263 hinc
646 4210 744 4263 chorus
753 4206 948 4263 helciariorum

346 4293 487 4348 amnicum
505 4294 638 4348 celeuma.

191 4382 360 4446 1110,5:tu
385 4380 466 4434 modo
490 4381 533 4434 fac
557 4380 716 4435 memineris
734 4378 924 4450 multiplicato
947 4399 991 4436 me

296 4469 390 4520 fenore
415 4466 444 4529 (i.
462 4483 483 4519 e.
500 4467 615 4520 uersae
637 4471 660 4520 et
681 4467 789 4536 litteris)
813 4484 992 4523 remuneran-

295 4554 369 4607 dum.
410 4552 483 4618 ufic.
505 4552 597 4607 XXIII
614 4554 650 4606 28
665 4569 744 4620 epp:
770 4552 875 4607 blando
898 4556 993 4608 fenore

296 4638 415 4693 Sollium
439 4637 544 4708 ligasti.
590 4656 700 4692 usuram
728 4638 906 4708 petimurque
930 4642 992 4695 red·

295 4724 454 4791 dimusque;
480 4741 543 4777 uam
568 4724 643 4792 quod
665 4723 787 4779 carmine
808 4743 859 4795 pro
883 4730 932 4782 tuo
950 4745 992 4782 re·

295 4809 399 4880 pendo,
425 4810 478 4865 hoc
496 4810 647 4865 centesima
665 4810 792 4865 laudium
810 4814 923 4867 tuarum
941 4815 991 4868 est

191 4897 218 4951 II
229 4898 283 4961 ll,l
301 4917 306 4950 :
327 4896 397 4950 nihil
423 4895 534 4966 apicum
553 4896 664 4952 raritati
681 4896 766 4952 licere
784 4897 814 4952 in
892 4898 992 4954 officia.

192 5070 219 5124 11
231 5069 287 5132 lar
302 5088 308 5121 ε
328 5067 462 5137 paginam
471 5070 544 5124 hanc
553 5069 703 5140 sumpseris
711 5070 754 5137 (d).
764 5071 806 5140 §2
817 5090 823 5125 :
835 5071 992 5127 litteras

297 5172 359 5209 cum
378 5157 567 5221 sumeremus).
596 5155 740 5221 affixae.

193 5241 219 5295 Il
232 5241 309 5303 lea:
329 5239 477 5309 languidos
495 5241 598 5296 multos
617 5241 817 5297 officiosissime
835 5242 975 5298 occidunt.

190 5328 218 5382 11
229 5328 287 5391 13,4
301 5347 306 5381 :
326 5327 502 5397 principatus
520 5368 561 5382 ...
580 5328 746 5383 bimenstris.

271 5413 421 5468 :invenies
450 5413 591 5468 hominem
619 5414 774 5470 beatiorem
801 5414 879 5484 prius
908 5414 992 5470 fuisse

297 5516 381 5567 quam
400 5500 578 5556 beatissimus
595 5500 795 5555 nominaretur.

1041 602 1115 656 Pan.
1130 602 1153 655 V
1167 604 1223 668 lar
1239 623 1245 656 :
1264 602 1451 658 Tristissimus
1469 605 1538 659 haec
1556 606 1608 660 tibi
1627 606 1725 661 scribo.

1044 688 1102 740 Tuo.
1122 705 1188 742 aaa.
1206 689 1297 743 1175:
1316 686 1422 742 infelici
1440 690 1622 747 fecunditate.

1046 772 1117 841 Vero.
1136 774 1203 829 Aen.
1222 771 1259 827 Xl
1272 774 1324 826 52:
1344 790 1416 830 vano
1435 776 1534 829 maesti
1547 777 1714 832 comitamur
1727 779 1841 832 honore.

1076 858 1114 913 VI
1126 861 1244 928 bbere:
1263 859 1342 913 inani
1363 878 1486 916 munere.
1527 862 1597 916 Hor.
1616 879 1638 917 c.
1658 863 1841 933 112023sq.:

1075 944 1193 1015 sepulcri
1213 946 1295 1000 mitte
1312 962 1496 1015 supervacuos
1514 948 1640 1004 honoros.

1043 1030 1128 1086 Mart.
1145 1032 1226 1096 Ilm
1241 1047 1277 1099 su.
1295 1030 1395 1095 lael:
1415 1033 1535 1103 vispillo.

1041 1117 1114 1170 Plia.
1128 1116 1270 1179 vllam:
1290 1116 1403 1171 habitus
1427 1119 1549 1189 corporis
1571 1120 1727 1189 quiescenti
1756 1137 1842 1189 quam

1075 1203 1207 1257 defuncto
1225 1203 1351 1257 similior.

1043 1288 1140 1358 symm.
1159 1290 1257 1352 115‚1:
1276 1288 1381 1344 iudicio
1398 1290 1507 1344 calente
1525 1288 1640 1343 dictavi.

1043 1374 1116 1429 Plia.
1135 1375 1161 1428 11
1171 1376 1213 1437 3‚'l
1228 1395 1233 1428 :
1252 1392 1351 1429 saxeus
1368 1376 1528 1443 ferreusque
1548 1392 1585 1428 cs.

1043 1460 1117 1515 Plia.
1131 1460 1195 1514 VIII
1205 1463 1244 1524 5‚1
1261 1481 1267 1514 :
1287 1477 1400 1515 uxorem
1425 1461 1576 1531 singularis
1595 1461 1731 1530 exempli,
1755 1462 1841 1514 etiam

1076 1545 1099 1598 si
1117 1545 1184 1599 olim
1203 1546 1302 1601 fuisset
1398 1547 1472 1611 Quot
1483 1548 1659 1615 quantasque
1673 1546 1791 1601 virtutes
1808 1564 1841 1601 ex

1075 1631 1191 1686 diversis
1209 1633 1352 1687 aetatibus
1369 1637 1496 1704 sumptas
1521 1634 1637 1703 collegit
1661 1636 1690 1687 et
1702 1632 1841 1686 miscuit!

1076 1719 1179 1770 Arcena.
1193 1718 1244 1771 XV
1252 1718 1295 1779 4,6
1311 1738 1317 1771 :
1336 1721 1366 1772 et
1377 1720 1503 1789 gravitas
1516 1719 1601 1774 comis
1614 1719 1746 1787 laetaque
1758 1718 1841 1772 serie·

1075 1805 1125 1856 tas.
1161 1803 1194 1869 cs.
1213 1802 1287 1857 Plc'n.
1307 1803 1345 1858 IX
1358 1805 1409 1868 93.

1042 1887 1089 1942 Oc.
1107 1894 1164 1942 met.
1183 1890 1211 1943 Π
1222 1889 1292 1944 627ε
1312 1889 1473 1960 iniustaque
1492 1890 1567 1944 iusta
1585 1889 1704 1960 peregit.

1042 2059 1359 2124 Plin.1111‚1:nescio
1383 2078 1419 2114 an
1445 2062 1532 2114 ullum
1555 2059 1704 2115 iucundius
1728 2061 1841 2128 tempus

1076 2145 1216 2214 exegerim
1234 2164 1319 2214 quam
1338 2165 1393 2216 quo
1412 2165 1502 2217 nuper
1518 2146 1595 2215 apud
1608 2145 1776 2216 Spurinnam
1789 2145 1840 2199 fui.

1043 2230 1125 2284 Mart.
1144 2230 1184 2285 IV
1196 2233 1274 2297 ma:
1293 2236 1375 2287 sonat
1394 2274 1436 2287 ...
1453 2232 1568 2286 fritillis.

1041 2316 1099 2369 Iao.
1118 2316 1156 2370 IX
1167 2317 1236 2371 109:
1256 2318 1444 2388 archimagiri.

1041 2402 1101 2456 Iac.
1119 2403 1239 2458 111142:
1257 2405 1348 2459 multa
1365 2421 1524 2475 magnaque
1541 2401 1689 2474 paropside
1709 2404 1797 2456 cenat

1042 2489 1116 2543 Ptin.
1130 2489 1285 2552 truanni
1309 2492 1408 2544 natare
1430 2490 1516 2545 latius
1539 2492 1591 2543 aut
1614 2488 1738 2558 tepidius
1763 2487 1841 2552 velis,

1074 2574 1104 2628 in
1123 2575 1315 2644 aruspiscina
1333 2579 1388 2639 est,
1410 2575 1440 2630 in
1459 2576 1585 2646 proximo
1604 2577 1714 2644 puteus.
1734 2592 1768 2627 ex
1786 2591 1842 2642 quo

1075 2661 1164 2730 possis
1182 2678 1275 2715 rursus
1293 2662 1441 2732 adstringi,
1460 2663 1483 2717 si
1502 2661 1649 2732 paeniteat
1666 2659 1779 2729 teporis.

1041 2833 1109 2888 Hor.
1120 2849 1158 2903 cp.
1168 2834 1181 2886 I
1193 2832 1265 2898 1431
1278 2853 1284 2886 :
1298 2836 1385 2888 uncta
1397 2833 1509 2904 popina.
1530 2833 1603 2887 Pers.
1613 2833 1652 2887 IV
1664 2832 1712 2886 17:
1726 2832 1811 2885 uncta
1822 2872 1842 2884 ..

1077 2918 1191 2987 patella.
1229 2918 1312 2972 Mart.
1325 2919 1439 2983 vesu:
1458 2918 1585 2973 unctiore
1602 2932 1707 2972 mensa.
1739 2915 1843 2968 Acmon.

1042 3004 1320 3159 Iudhiidiiscriptus
1339 3089 1414 3144 etin
1434 3091 1522 3159 tergo.

1042 3262 1116 3315 *lau
1135 3263 1207 3316 115:
1221 3264 1250 3316 et
1262 3279 1312 3316 nos
1325 3278 1391 3331 ergo
1404 3278 1518 3315 manum
1531 3259 1636 3315 ferulae
1652 3258 1843 3313 subduximus.

1045 3693 1143 3763 symm.
1161 3693 1265 3756 114,1:
1285 3688 1445 3760 paupertini
1464 3687 1580 3759 ingenii.

1043 3778 1111 3833 Stra.
1129 3780 1185 3834 silo.
1203 3778 1300 3842 nam
1311 3793 1367 3844 up:
1387 3777 1464 3830 ortus
1481 3774 1591 3844 aspicit.

1043 3864 1117 3918 Pan.
1136 3866 1162 3919 ll
1174 3866 1268 3929 leae:
1287 3862 1372 3917 solem
1452 3859 1595 3931 prospicit.

1043 3948 1110 4004 aa.
1128 3951 1183 4004 silo.
1201 3949 1303 4015 1n‚41:
1323 3947 1457 4017 Synnada
1474 3946 1609 4001 distinctu
1629 3946 1728 4000 variat.

1044 4036 1111 4091 Sat.
1134 4036 1210 4090 aaut.
1227 4035 1396 4103 Nemea:
1415 4035 1504 4088 ferrea
1581 4032 1773 4088 silva.VI›33:
1793 4032 1843 4085 ha·

1076 4110 1242 4175 mndineam
1320 4119 1429 4174 silvam.

1044 4208 1127 4261 Mart.
1146 4207 1186 4261 IV
1197 4207 1272 4270 6421
1286 4222 1342 4274 sm:
1361 4222 1445 4274 quem
1469 4222 1521 4259 nec
1545 4218 1673 4271 rumpere
1697 4203 1842 4258 nauticum

1078 4293 1210 4358 celeuma,
1229 4310 1281 4347 nec
1298 4292 1403 4346 clamor
1420 4291 1497 4345 valet
1514 4288 1718 4344 helciariorum.

1045 4379 1120 4433 Plio.
1138 4380 1265 4444 lilaea:
1285 4378 1366 4433 mitte
1393 4377 1458 4447 (scil.
1478 4376 1598 4444 litteras)
1621 4374 1758 4445 appositis
1780 4375 1843 4445 qui·

1078 4466 1142 4520 dem
1165 4464 1268 4529 usuris,
1292 4482 1363 4533 quas
1385 4481 1438 4534 ego
1462 4465 1540 4533 (num
1564 4462 1675 4532 parcius
1701 4462 1843 4531 possumll

1078 4550 1243 4606 centesimas
1261 4549 1438 4619 computabo.

1044 4639 1141 4708 Symm.
1159 4639 1241 4701 114,1
1255 4657 1261 4691 ε
1281 4636 1415 4691 sermonis
1430 4634 1485 4690 mei
1498 4634 1607 4704 largam
1621 4633 1711 4703 poscis
1723 4651 1843 4696 usuram,

1079 4723 1128 4794 qui
1146 4722 1218 4777 nihil
1236 4721 1357 4776 litterati
1375 4722 1479 4777 fenoris
1496 4719 1661 4776 credidisti?

1045 5065 1143 5137 Syrum.
1166 5067 1274 5130 lose:
1293 5063 1369 5134 quod
1393 5065 1486 5120 nullas
1508 5064 1615 5135 sumpsi
1638 5064 1748 5119 litteras
1772 5067 1844 5120 tuas.

1079 5151 1460 5207 vl15.V30.V94.V116.

1044 5237 1112 5292 Hor.
1130 5255 1169 5308 ep.
1186 5239 1270 5303 Ira:
1289 5237 1468 5306 officiosaque
1487 5236 1630 5290 sedulitas.

1045 5323 1098 5378 01¹0.
1116 5323 1258 5393 (adsum.)
1276 5324 1371 5389 XM
1388 5343 1394 5378 :
1414 5324 1574 5379 consulatus
1592 5323 1741 5379 bimestris.

1044 5409 1118 5464 Pla.
1132 5410 1225 5474 V18‚1
1241 5430 1247 5464 ε
1266 5411 1349 5464 homo
1368 5408 1477 5464 felicior
1493 5413 1560 5464 ante
1573 5426 1657 5478 quam
1669 5408 1845 5464 felicissimus

1079 5496 1165 5550 fieret
1201 5496 1306 5550 Aaron.
1316 5500 1385 5564 prot.
1398 5500 1447 5550 act.
1461 5494 1549 5564 (vm)
1561 5498 1641 5563 8,13:
1659 5495 1768 5551 felicior
1778 5497 1846 5550 ante

1080 5598 1165 5650 quam
1183 5583 1337 5637 vocaretur.
