4462 6216
793 362 886 420 XVIII
903 370 918 429 ς
936 364 969 418 18
987 393 1019 405 -
1039 361 1196 427 1111993.
1757 367 1816 431 291

280 538 343 612 Qui
371 538 464 613 dicit,
500 538 541 602 ab
570 537 675 602 Adam
707 555 824 625 usquc‘
844 539 885 602 ad
915 538 1080 603 Christum
1115 538 1219 603 991199
1248 560 1288 602 ex
1320 539 1473 624 gentibus
1506 561 1564 626 per
1597 540 1733 624 primam
1767 539 1820 604 dei
1852 542 1871 604 8
1918 530 1951 600 G

178 645 330 730 gratiam,
363 643 396 707 id
424 649 473 706 est
500 663 560 728 per
590 643 697 726 legem
727 650 878 723 naturae,
913 644 946 707 in
978 642 1154 708 adventum
1185 641 1306 705 Christi
1338 643 1438 708 luisse
1469 645 1627 722 salvatos,
1664 663 1701 707 9ο
1736 642 1821 729 quod

176 748 315 811 liberum
338 745 507 809 arbitrium
531 745 578 809 eis
603 746 752 810 omnibus
777 748 808 811 19
832 748 936 833 primo
959 754 1095 833 parente
1118 747 1261 833 perierit.

280 848 342 922 Qui
366 848 456 927 dicit,
484 850 685 935 patriarchas
707 871 746 914 99
773 850 952 938 prophetas
976 851 1027 914 vel
1058 871 1202 915 summos
1231 869 1377 935 quosque
1408 855 1593 913 sanctorum
1623 852 1719 915 etiam
1744 857 1821 915 ante
1854 854 1874 915 9

138 971 149 1007 ⁵
177 953 409 1038 redemptionis
433 959 581 1037 tempora
604 953 636 1016 in
659 953 803 1038 paradisi
827 954 1028 1019 habitatione
1052 953 1215 1039 deguisse.

280 1055 342 1129 Qui
366 1055 452 1136 dicit,
475 1057 568 1140 ignes
593 1063 625 1119 et
648 1056 775 1121 inferna
798 1079 862 1122 999
886 1079 969 1123 9999.
1666 1056 1669 1061 ’
1835 1061 1873 1122 10

278 1160 371 1224 Η999
395 1160 504 1224 omnia
526 1162 617 1244 quasi
640 1161 738 1245 impia
762 1169 795 1226 et
818 1162 997 1247 sacrilegiis
1021 1162 1146 1249 repleta
1169 1161 1360 1227 condemno.
1798 1175 1800 1179 ’
1835 1166 1869 1226 11

278 1264 328 1327 lta
357 1271 466 1327 autem
494 1284 605 1328 assero
633 1265 770 1348 gratiam
798 1265 866 1344 dei,
895 1272 931 1329 ut
962 1265 1109 1330 adnisum
1143 1266 1283 1329 hominis
1306 1272 1338 1328 et
1362 1273 1514 1330 conatum
1537 1266 1661 1350 gratiae
1691 1266 1873 1351 semper12

176 1368 350 1451 adiungam

124 1487 149 1525 ιο
278 1478 311 1535 91
333 1470 517 1534 libertatem
545 1471 720 1535 voluntatis
746 1472 906 1536 humanae
935 1493 998 1537 non
1026 1473 1223 1537 exstinctam
1251 1472 1309 1537 sed
1335 1479 1537 1537 attenuatam
1563 1478 1596 1536 91
1623 1473 1872 1537 infirmataml3

177 1597 252 1640 esse
281 1575 487 1660 pronuntiem
519 1581 552 1637 et
580 1575 754 1660 periclitari
778 1597 853 1639 eum
877 1576 929 1661 qui
955 1576 1064 1640 salvus
1087 1584 1138 1640 cst
1161 1584 1194 1640 et
1218 1597 1292 1640 eum
1316 1577 1370 1660 991
1394 1577 1491 1661 periit
1514 1576 1660 1662 potuisse
1683 1577 1819 1651 salvari3

279 1676 443 1741 Christum
479 1678 578 1741 etiam
611 1677 708 1741 deum
743 1700 780 1744 ac
816 1679 1009 1742 salvatorem
1045 1687 1208 1755 nostrum,
1249 1685 1405 1765 quantum
1441 1681 1584 1765 pertinet
1618 1678 1659 1743 ad
1694 1679 1874 1743 (1191119914

173 1782 330 1846 bonitatis
354 1802 443 1858 9999,
466 1781 607 1866 pretium
629 1783 743 1844 mortis
766 1801 824 1866 pro
848 1781 997 1844 omnibus
1022 1781 1191 1862 obtulisse,
1769 1768 1772 1773 ⁸

279 1893 311 1951 et
334 1885 556 1970 quianullum
579 1886 688 1970 perire
712 1885 801 1963 velit,
824 1886 879 1969 991
905 1893 956 1949 991
979 1887 1123 1950 salvator
1146 1887 1289 1949 emnium
1310 1884 1485 1965 hominum,
1510 1884 1650 1949 maxime
1666 1883 1872 1964 fidelium,15

125 2004 148 2042 1⁵
178 1988 268 2053 dives
292 1989 324 2052 in
350 1987 499 2052 omnibus
523 1988 578 2072 qui
600 1989 752 2051 invocant
775 1987 874 2052 illum.

278 2092 320 2156 Et
357 2091 433 2177 quia
470 2093 503 2155 in
541 2092 640 2155 tantis
680 2091 777 2156 rebus
816 2092 1034 2157 eonscientiae
1077 2092 1342 2158 satisfaciendum
1381 2098 1448 2169 est,
1490 2092 1621 2156 memini
1656 2093 1872 2156 9999919111

175 2196 313 2275 dixisse,
349 2195 434 2280 quod
465 2194 614 2260 Christus
648 2217 707 2281 pro
739 2195 790 2260 his
824 2202 949 2261 tantum
983 2218 1062 2282 9999
1094 2196 1272 2261 credituros
1300 2196 1475 2282 praescivit
1507 2192 1819 2276 9399919991,999-

175 2301 294 2363 tentias
341 2298 517 2362 dominicas
565 2320 727 2384 sequens,
775 2300 891 2385 quibus
937 2301 1001 2364 ait:
1061 2301 1162 2364 sieut
1206 2300 1323 2364 lilius
1369 2299 1544 2363 hominis
1589 2319 1667 2363 non
1712 2299 1821 2362 venit

174 2403 407 2484 ministrari,
450 2402 523 2467 sed
560 2403 793 2467 ministrare
831 2413 872 2466 91
908 2404 1079 2467 animam
1120 2425 1228 2468 suam
1270 2403 1584 2490 redemptionem
1622 2402 1716 2467 (1999
1753 2423 1820 2488 pro

121 2521 147 2559 ’2⁰
174 2507 335 2586 multis,
370 2513 403 2571 91
431 2506 527 2570 illud:
564 2507 627 2572 hic
664 2514 722 2572 est
756 2507 870 2570 calix
907 2509 1112 2592 sanguinis
1147 2509 1221 2571 mei
1253 2507 1340 2571 novi
1374 2508 1620 2587 testamenti,
1656 2508 1723 2592 qui
1751 2526 1819 2591 pre

173 2610 310 2673 multis
347 2608 599 2674 effundetur
631 2611 669 2673 in
703 2611 980 2675 remissionem
1015 2617 1286 2696 peecatorum,
1322 2610 1375 2674 vel
1407 2609 1487 2674 illud
1519 2611 1672 2696 apostoli:
1708 2611 1821 2673 sieut

176 2713 305 2778 semel
334 2719 528 2777 statutum
561 2718 621 2777 est
648 2713 872 2778 homiuibus
903 2715 1018 2792 mori,
1048 2714 1108 2778 ita
1136 2721 1176 2778 91
1199 2712 1384 2777 Christus
1416 2713 1536 2777 semel
1568 2713 1730 2778 oblatus
1760 2717 1821 2776 991

174 2816 219 2880 ad
243 2817 471 2879 multorum
496 2816 776 2881 exhaurienda
798 2823 987 2903 peecata.
1026 2838 1112 2882 9999
1128 2838 1206 2880 vero
1223 2838 1389 2882 sacrorum
1406 2817 1664 2881 testimoniorum
1680 2815 1818 2880 auctori-
1832 2816 1870 2878 17

174 2927 258 2996 1919,
297 2940 380 3003 9999
417 2918 548 2983 abunde
586 2940 646 3005 per
683 2921 789 3005 spatia
831 2919 1013 2984 divinarum
1053 2921 1285 3005 scripturarum
1324 2921 1549 3002 inveniuntur,
1587 2926 1620 2984 et
1657 2920 1820 2983 seniorum

120 3039 145 3075 '1³
172 3021 339 3085 doetrinae
363 3023 488 3087 ratione
511 3023 685 3109 patefacta,
714 3023 819 3087 libens
842 3023 956 3103 fateor,
980 3021 1145 3087 Christum
1169 3024 1267 3087 etiam
1291 3045 1348 3110 pre
1372 3023 1506 3109 perditis
1529 3021 1712 3101 advenisse,
1743 3022 1819 3106 quia

173 3125 286 3191 eodem
320 3127 451 3191 nolente
484 3128 660 3213 perierunt.
713 3148 820 3212 neque
853 3128 939 3191 enim
972 3128 1023 3191 fas
1056 3133 1122 3206 991,
1155 3128 1242 3191 91999
1270 3147 1327 3190 999
1358 3127 1461 3190 solum
1492 3127 1547 3211 qui
1572 3125 1722 3189 videntur
1745 3124 1871 3188 999918

174 3230 288 3293 salvati
312 3230 491 3295 immensae
514 3229 643 3295 divitias
667 3231 821 3295 bonitatis
844 3252 883 3295 99
906 3231 1067 3296 beneficia
1090 3230 1199 3295 divina
1222 3229 1380 3295 concludi.
1424 3251 1500 3294 9999
1524 3231 1552 3294 91
1576 3230 1742 3294 Christum
1768 3229 1819 3292 his

173 3339 298 3398 tantum
336 3333 482 3398 remedia
519 3335 668 3399 attulisse
706 3334 858 3414 dicimus,
897 3335 951 3419 qui
989 3333 1150 3420 redempti
1194 3341 1283 3414 9991,
1322 3333 1504 3398 videbimur
1541 3332 1713 3398 absolvere
1752 3353 1817 3397 non

173 3436 368 3522 redemptos,
394 3458 475 3522 quos
499 3459 556 3524 pro
579 3437 802 3523 redemptione
825 3444 1014 3523 contempta
1038 3444 1163 3502 9999191
1186 3458 1260 3502 9999
1283 3436 1476 3524 puniendos.
1554 3474 1556 3479 .

120 3555 145 3592 ³⁰
275 3540 398 3605 Assoro
430 3542 542 3621 911999,
577 3563 636 3629 per
669 3542 828 3607 rationem
861 3548 894 3605 et
926 3541 1072 3606 ordinem
1101 3543 1306 3607 saeculorum
1342 3541 1421 3605 alios
1455 3541 1529 3625 lege
1562 3541 1703 3624 gratiae,
1737 3539 1872 3604 9119919

172 3644 246 3728 lege
270 3644 391 3730 Moysi,
422 3645 503 3709 alios
533 3645 607 3730 lege
638 3652 791 3726 naturae,
821 3665 917 3729 quam
944 3643 1081 3710 (199919
1105 3646 1248 3709 omnium
1272 3644 1423 3710 cordibus
1447 3644 1593 3730 scripsit,
1622 3644 1657 3706 in
1680 3664 1738 3729 spe
1761 3641 1818 3707 ad-

171 3754 287 3812 ventus
312 3747 434 3813 Christi
455 3749 555 3815 luisse
579 3750 734 3829 salvatos,

273 3851 379 3916 991199
402 3858 511 3919 tamen
535 3874 578 3919 ex
599 3853 691 3917 initio
713 3853 825 3917 mundi
848 3852 889 3917 ab
913 3851 1064 3937 originali
1086 3873 1173 3916 nexu
1201 3853 1263 3916 nisi
1286 3850 1520 3917 intercessione
1544 3851 1627 3915 sacri
1651 3850 1819 3935 sanguinis
1829 3850 1869 3913 10

172 3956 351 4023 absolutos.

117 4074 143 4113 ³⁵
273 4060 436 4125 Profiteor
471 4061 569 4124 etiam
604 4067 756 4126 aeternos
791 4062 885 4146 ignes
920 4068 953 4127 91
986 4062 1162 4127 infernales
1194 4063 1341 4126 flammas
1375 4061 1470 4126 199119
1498 4060 1692 4148 capitalibus
1723 4062 1865 4146 prae-ll

172 4171 315 4251 paratas,
339 4165 415 4249 9919
438 4171 689 4251 perseverantes
712 4167 745 4229 in
769 4166 867 4230 linem
890 4166 1050 4230 humanas
1074 4167 1187 4252 culpas
1212 4167 1325 4230 9999119
1348 4166 1494 4251 99991199
1516 4163 1627 4228 divina
1643 4163 1818 4243 sententia,

171 4288 266 4351 quam
291 4269 375 4332 iuste
397 4269 565 4332 incurrunt
589 4269 643 4352 qui
665 4268 745 4333 haec
768 4290 832 4334 nen
856 4277 924 4335 1919
949 4269 1046 4334 eorda
1071 4270 1277 4336 crediderint.

276 4371 376 4438 09919
403 4394 461 4458 pre
490 4394 553 4453 me,
583 4372 704 4438 domini
726 4376 829 4438 999911
854 4385 888 4440 91
910 4375 1079 4461 apostolici
1103 4381 1224 4461 patres.
1829 4371 1869 4434 22

273 4475 417 4540 Lucidus
446 4475 617 4562 presbyter
643 4477 728 4542 hanc
759 4480 932 4564 epistulam
963 4500 1061 4544 manu
1091 4480 1220 4566 propria
1248 4475 1427 4561 subscripsi
1457 4482 1490 4541 91
1517 4497 1601 4561 9999
1628 4476 1661 4539 19
1693 4495 1732 4539 99
1759 4473 1869 4538 rad-23

119 4593 146 4630 ⁴⁰
174 4585 343 4643 struuntur
365 4599 478 4644 assero
502 4586 643 4665 atquae
667 4587 742 4645 9991
765 4580 919 4647 (19999919
941 4581 1069 4647 damno.

275 4834 566 4895 retracturum.
653 4837 688 4891 20
705 4836 806 4894 Matth.
825 4837 925 4906 XXVI,
942 4840 984 4894 28.
1071 4837 1380 4903 911199199119.

274 4972 287 5024 l
307 4975 407 5027 nullum
425 4975 559 5028 Berenice
662 4974 880 5047 391999991199]
900 4981 965 5031 ceni.
984 4979 1134 5041 Mommsen,
1158 4995 1190 5030 ex
1208 4979 1328 5030 omuibus
1348 4976 1409 5040 CH,
1430 4994 1479 5028 om.
1497 4975 1631 5027 Berenice
1699 4971 1813 5042 99919911]

169 5059 233 5111 coru.
252 5058 403 5125 Mommsen,
420 5063 576 5130 perdiderint
596 5063 652 5115 GH
665 5063 799 5116 Berenice
901 5062 1007 5132 491911]
1025 5084 1073 5117 999
1090 5061 1116 5117 G
1185 5081 1287 5131 qnoque
1307 5060 1333 5115 G
1435 5062 1497 5115 519
1518 5088 1547 5098 -
1568 5057 1734 5128 habitatione]
1757 5060 1817 5124 GH,

169 5147 236 5197 iutra
252 5148 398 5213 paradisum
410 5147 544 5201 Berenice
630 5148 647 5201 6
664 5152 709 5217 991
721 5180 755 5190 -
767 5148 835 5218 essa]
850 5151 911 5214 ΘΗ,
929 5169 977 5203 em.
990 5151 1124 5203 Berenice
1211 5148 1244 5202 12
1262 5151 1393 5202 deminum
1405 5148 1538 5199 Barerriua
1589 5143 1633 5212 99]
1646 5146 1817 5199 9139999199

170 5230 203 5282 13
220 5230 350 5298 omnibus]
370 5233 517 5286 hominibus
529 5235 638 5286 99191Ιῖ
719 5234 752 5288 14
770 5235 913 5304 bominum]
932 5255 981 5288 999.
993 5237 1126 5289 Bae-emus
1214 5234 1247 5288 16
1265 5244 1334 5288 91-
1349 5232 1383 5286 19
1400 5240 1502 5286 9999191
1518 5249 1573 5285 ease
1589 5230 1742 5300 puniendos]
1757 5232 1818 5297 GH,

168 5335 216 5368 em.
231 5318 363 5370 1199999199
427 5317 476 5386 991]
489 5321 526 5384 Η,
543 5322 632 5373 9990
727 5321 761 5374 18
778 5320 853 5388 91991]
866 5323 903 5386 Η,
920 5319 998 5375 aieG
1058 5324 1199 5376 99911999
1211 5322 1246 5373 H
1336 5318 1368 5371 21
1388 5314 1568 5371 effunditurG
1627 5320 1776 5372 remissione
1791 5315 1818 5368 G

167 5403 202 5455 ‘24
225 5405 420 5472 seripturarum]
444 5424 492 5456 ora.
513 5403 539 5458 G
642 5406 677 5460 20
694 5410 738 5475 991
757 5409 790 5458 H
888 5407 923 5460 26
941 5408 995 5475 p(e
1013 5427 1034 5461 9.
1052 5410 1070 5463 l.
1091 5406 1256 5474 0091999991
1274 5404 1301 5457 G
1402 5402 1437 5456 30
1454 5405 1551 5456 9911999
1573 5399 1598 5454 G
1668 5405 1766 5471 gratiae
1783 5431 1817 5441 —

167 5489 199 5540 31
219 5493 302 5558 moysi
318 5493 381 5543 aliea
399 5490 465 5558 lege]
484 5494 512 5544 19
531 5495 640 5544 treantes
656 5513 673 5544 a
688 5495 789 5561 pagina
806 5495 843 5545 ad
855 5495 982 5560 puqiraam
1000 5513 1048 5547 em,
1063 5491 1090 5546 G
1219 5492 1254 5545 33
1276 5487 1374 5557 ualles]
1397 5507 1445 5541 eru.
1463 5488 1595 5539 89999199
1685 5486 1728 5556 ex]
1746 5497 1773 5541 91
1792 5485 1818 5540 θ

167 5576 202 5630 33
219 5576 363 5646 sanguinis]
382 5597 434 5630 non
452 5580 660 5631 9993999199
760 5578 795 5632 35
813 5578 949 5648 3999999,
966 5599 1021 5635 rae.
1036 5578 1059 5632 3
1074 5578 1100 5632 G
1194 5578 1228 5633 36
1246 5581 1273 5632 19
1290 5573 1378 5643 finem]
1393 5593 1442 5628 991.
1455 5574 1588 5626 Barerriut
1686 5572 1720 5626 37
1738 5576 1817 5628 credi·

167 5665 260 5719 derunt
279 5661 305 5717 G
408 5662 443 5716 39
459 5665 561 5718 lucidus
579 5693 611 5702 -
628 5661 664 5716 40
680 5663 784 5736 damno]
802 5684 852 5718 em.
870 5666 1002 5720 39999199
1072 5668 1182 5739 epistula
1200 5663 1227 5721 G
1328 5662 1365 5719 40
1381 5664 1516 5716 damnum
1534 5658 1560 5713 G

1561 5779 1616 5837 ul·
