4462 6216
963 342 1361 412 amanum-esa.

1136 627 1180 692 11.

740 783 958 850 SIDONIUS·
976 782 1238 849 NYMPHIDIO
1264 784 1350 850 SUO
1375 785 1596 852 SALUTEM.

444 902 576 995 Lissen
600 929 641 994 de
666 936 752 995 statu
775 931 903 994 animae
927 929 1030 994 tribus
1047 930 1267 996 voluminibus
1292 931 1464 995 inlustrem
1482 931 1663 996 Mamertus
1681 930 1880 996 Claudianus
1903 933 1990 1018 peri·
2026 937 2037 995 l

339 1035 484 1099 tissimus
508 1032 770 1097 Christianorum
794 1033 1009 1120 philosophus
1039 1039 1073 1096 et
1103 1034 1325 1118 quorumlibet
1353 1034 1478 1119 primus
1510 1033 1709 1098 eruditorum
1738 1035 1817 1099 totis
1845 1042 1990 1100 sectatae

342 1135 571 1223 philosophiae
600 1136 756 1202 membris
789 1137 915 1201 artibus
943 1137 1156 1222 partibusque
1185 1158 1314 1203 comere
1344 1144 1378 1202 et
1406 1137 1559 1202 excolere
1591 1138 1734 1217 curavit,
1763 1159 1880 1202 novem
1909 1159 1990 1224 quas

302 1257 314 1293 ⁵
340 1245 458 1304 vocant
480 1240 593 1304 Musas
616 1239 806 1326 disciplinas
830 1241 982 1325 aperiens
1006 1262 1091 1318 esse,
1114 1261 1179 1304 non
1202 1240 1353 1305 feminas.
1398 1262 1537 1325 namque
1566 1242 1599 1304 in
1621 1240 1751 1326 paginis
1775 1240 1845 1305 eius
1869 1242 1991 1326 vigilax

336 1345 440 1409 lector
462 1343 609 1408 inveniet
631 1345 759 1409 veriora
787 1345 919 1408 nomina
943 1334 1178 1423 Camenarum,
1215 1366 1298 1430 quae
1329 1344 1494 1431 propriam
1524 1342 1565 1408 de
1598 1365 1634 1408 so
1662 1343 1724 1407 sibi
1753 1343 1884 1428 pariunt
1906 1364 1989 1409 nun-

341 1447 558 1534 cupationem.
615 1447 683 1512 illic
713 1448 800 1512 eninr
836 1453 869 1512 ct
903 1448 1116 1532 grammatica
1146 1446 1261 1512 diuidit
1290 1454 1323 1512 et
1357 1448 1497 1512 oratoria
1525 1447 1688 1512 declamat
1723 1452 1757 1511 et
1784 1447 1991 1512 arithmetica

337 1557 487 1616 numerat
509 1556 543 1616 et
564 1551 766 1636 geometrica
789 1551 923 1616 metitur
946 1556 980 1616 et
1003 1551 1128 1614 musica
1149 1548 1311 1636 ponderat
1337 1557 1370 1615 et
1393 1550 1566 1615 dialectica
1588 1548 1735 1636 disputat
1757 1557 1791 1615 et
1814 1551 1991 1636 astrologia

338 1654 525 1742 praenoscit
548 1661 581 1719 et
604 1653 861 1719 architectonica
884 1653 982 1716 struit
1005 1660 1038 1717 et
1060 1653 1197 1717 metrica
1219 1651 1416 1718 modulatur.
1462 1653 1557 1718 huius
1579 1654 1730 1718 lectionis
1754 1655 1899 1718 novitate
1921 1655 1989 1719 lae·
2023 1656 2042 1716 2

289 1773 313 1810 1⁰
338 1763 425 1822 tatus
442 1757 671 1842 excitatusque
687 1759 876 1822 maturitate
899 1757 1016 1842 raptim
1040 1755 1276 1820 recensendam
1292 1755 1630 1841 transferendamque,
1652 1762 1690 1820 ut
1704 1756 1844 1835 videras,
1869 1757 1991 1843 petisti,

337 1866 374 1925 ut
396 1860 555 1946 petieras,
583 1861 766 1947 impetrasti
793 1861 853 1925 sub
885 1860 1062 1946 sponsione
1093 1862 1176 1925 citae
1201 1861 1439 1927 redhibitionis.
1485 1881 1545 1926 nee
1569 1882 1621 1925 mo
1643 1861 1712 1924 falli
1735 1881 1796 1924 uec
1819 1866 1852 1925 te
1875 1861 1990 1926 fallere

337 1963 442 2028 decet.
488 1969 618 2050 tempus
642 1971 694 2030 est
723 1963 928 2029 commodata
955 1965 1099 2044 restitui,
1130 1964 1206 2050 quia
1234 1964 1318 2029 liber
1345 1965 1432 2051 ipse,
1465 1965 1492 2028 si
1516 1965 1655 2051 placuit,
1686 1964 1800 2029 debuit
1830 1964 1990 2029 exhibere

342 2066 538 2143 satietatem,
561 2068 588 2131 si
612 2066 788 2153 displicuit,
813 2067 927 2133 debuit
949 2088 1081 2133 movere
1102 2067 1280 2133 fastidium.
1326 2077 1360 2132 tu
1383 2067 1681 2154 autem,·quicquid
1704 2067 1785 2132 illud
1807 2073 1869 2149 est,
1891 2067 1989 2132 fidem

340 2176 429 2233 tuam
458 2170 612 2236 celeriter
639 2171 792 2253 absolve,
821 2193 863 2236 ne
894 2172 922 2235 si
952 2172 1127 2257 repetitum
1155 2171 1303 2237 libellum
1335 2172 1441 2237 serius
1471 2171 1609 2237 reddere
1637 2194 1751 2258 paras,
1783 2172 1990 2238 membranas

288 2287 312 2326 ¹⁵
339 2272 448 2359 potius
471 2271 613 2340 ridearis
635 2295 747 2342 amare
770 2296 867 2361 quam
890 2275 1027 2339 litteras.
1074 2275 1157 2340 sale.

1131 2562 1195 2632 III.

728 2717 940 2784 SIDONIUS
963 2717 1243 2785 APOLLINARI
1267 2717 1353 2783 SUO
1378 2717 1599 2783 SALUTEM.

460 2838 533 2930 Pura
556 2871 626 2930 erat
649 2865 781 2950 quidem
804 2865 1029 2950 garrulitatem
1052 2870 1196 2929 nostram
1224 2864 1346 2929 silentii
1369 2865 1471 2930 vestri
1494 2865 1615 2931 talione
1643 2866 1775 2930 frenari.
1827 2864 1884 2930 sed
1909 2886 1989 2950 quo·
2024 2869 2038 2927 1

336 2969 425 3033 niam
449 2969 595 3055 perfecta
618 2967 751 3034 dilectio
774 2975 929 3042 nontam
949 2970 1049 3035 debet
1065 2970 1222 3048 recolere,
1247 2969 1322 3054 quid
1341 2969 1522 3034 officiorum
1539 2970 1653 3049 solvat,
1677 2990 1773 3054 quam
1789 2969 1988 3049 meminisse,

339 3071 416 3157 quid
438 3071 574 3153 debeat,
608 3073 706 3137 etiam
737 3095 824 3139 nune
853 3074 972 3139 laxatis
1002 3071 1220 3138 verecundiae
1250 3071 1388 3136 habenis
1415 3073 1608 3157 obsequium
1632 3072 1767 3157 alloquii
1790 3071 1989 3157 impudentis

283 3190 310 3228 2⁰
337 3175 504 3243 iteramus.
550 3176 642 3242 cuius
665 3176 860 3263 improbitas
885 3178 936 3242 vel
966 3177 1041 3241 hinc
1073 3176 1217 3241 maxime
1248 3175 1442 3255 dinoscitur,
1471 3175 1556 3261 quod
1585 3175 1713 3240 tacetis.
1768 3195 1889 3259 ergone
1912 3173 1989 3260 quid

340 3286 488 3366 ternpore
512 3280 702 3345 hostilitatis
726 3281 880 3366 ageretis,
903 3281 1015 3362 frater,
1039 3301 1136 3346 nosse
1161 3301 1226 3345 nou
1250 3281 1375 3345 merui?
1408 3279 1639 3344 dissimulastis
1661 3278 1789 3365 trepido
1812 3299 1871 3365 pro
1895 3278 1989 3342 vobis

339 3383 444 3447 amico
468 3385 521 3448 vol
545 3385 755 3449 securitatem
778 3381 917 3470 prodere
946 3383 999 3449 rel
1029 3382 1201 3448 timorem?
1238 3382 1314 3469 quid
1342 3390 1393 3448 est
1417 3382 1522 3464 aliud,
1553 3383 1580 3447 si
1604 3383 1783 3468 requirenti
1809 3388 1883 3446 tuas
1911 3403 1988 3468 sup·
2021 3385 2041 3445 2

341 3484 463 3571 primas
487 3486 645 3568 actiones,
669 3507 766 3571 quam
791 3487 950 3572 suspicari
973 3508 1058 3569 eum,
1082 3488 1136 3572 qui
1159 3487 1206 3551 tui
1230 3487 1389 3552 sollicitus
1414 3488 1551 3568 existat,
1574 3492 1631 3552 aut
1653 3491 1743 3551 certe
1769 3507 1833 3550 non
1857 3485 1990 3569 gavisu-

339 3610 410 3654 rum
435 3589 611 3675 compertis
633 3588 801 3675 prosperis
825 3596 883 3653 aut
906 3591 1043 3667 tristem,
1067 3591 1095 3654 si
1118 3589 1250 3654 diversa
1273 3591 1444 3670 cesserint,
1467 3612 1533 3655 non
1552 3591 1719 3655 futurum?
1742 3589 1886 3653 facessat
1906 3588 1989 3654 haec

284 3707 309 3747 2⁵
339 3715 360 3758 a
383 3692 478 3758 bouis
500 3692 645 3757 moribus
669 3693 849 3778 impietatis
873 3694 984 3779 opinio
1007 3700 1041 3758 et
1064 3716 1084 3758 a
1106 3693 1246 3758 caudore
1270 3714 1329 3758 suo
1352 3715 1431 3759 vera
1453 3695 1572 3758 caritas
1595 3714 1735 3759 naevum
1759 3699 1825 3757 tam
1848 3692 1989 3758 miserae

342 3795 539 3882 suspicionis
563 3795 721 3861 eliminet.
767 3816 924 3881 namque,
952 3802 989 3860 ut
1011 3796 1148 3883 Crispus
1171 3802 1283 3862 vester
1305 3796 1461 3875 affirmat,
1484 3795 1586 3860 idem
1609 3796 1716 3860 velle
1739 3801 1862 3879 atque
1885 3794 1989 3861 idem

337 3898 1169 3979 nolle,cademumfirmaamicitiaest.
1214 3899 1341 3965 interea
1364 3900 1392 3964 si
1415 3900 1541 3965 volvos
1562 3899 1691 3981 valetis,
1713 3899 1799 3964 bone
1822 3904 1883 3964 est.
1927 3919 1990 3984 ego
2022 3901 2056 3963 3·

440 4156 474 4210 26
492 4154 609 4211 Sallusti
626 4154 708 4212 Catil.
726 4173 749 4210 c.
767 4156 809 4224 20,
821 4155 847 4210 4.

443 4294 455 4346 l
476 4297 617 4363 nimphidio
635 4295 722 4357 MTP,
741 4297 865 4363 nimphidi
885 4298 912 4360 0,
930 4298 1076 4364 menpbidio
1089 4296 1118 4347 F
1176 4297 1285 4349 saluam
1302 4314 1352 4348 om.
1361 4297 1386 4347 L
1480 4297 1497 4348 ‘2
1515 4299 1640 4351 illustram
1653 4298 1684 4349 M
1688 4297 1783 4350 TOFP
1873 4295 1891 4348 3
1909 4299 1989 4365 philo

339 4419 411 4468 susus
424 4417 456 4480 L,
473 4418 614 4484 filosophus
627 4417 655 4467 F
731 4427 778 4470 tos
791 4419 825 4469 tis
843 4418 865 4482 (r
882 4428 910 4470 ul
926 4437 949 4470 u.
968 4436 1033 4471 crau.
1055 4417 1102 4484 0¹)
1123 4420 1145 4470 0
1220 4435 1256 4468 aa
1273 4423 1405 4470 secretas?
1526 4416 1709 4486 dphilosotiae
1728 4418 1751 4469 L
1829 4419 1942 4470 menbris
1960 4418 1993 4468 Μ

342 4536 433 4590 basso
450 4556 470 4588 s.
489 4539 507 4589 l.
526 4538 588 4589 odd.
607 4537 647 4589 F¹
736 4557 840 4606 nanque
857 4539 891 4590 Μ
1007 4537 1211 4607 bappellatloua
1235 4539 1267 4603 Τ,
1293 4537 1478 4606 lucupatioue
1497 4557 1516 4590 s.
1535 4541 1553 4590 l.
1571 4539 1633 4590 odd.
1658 4538 1693 4588 Τι
1824 4537 1904 4589 lau.
1922 4540 1991 4590 orrim

333 4658 472 4723 postenim
486 4674 551 4709 eros.
566 4628 616 4709 0²⁴
653 4659 831 4725 gramatieaF
879 4657 1025 4711 declarati)
1073 4657 1275 4725 arydtmatlcaL
1361 4656 1567 4724 8gsometriaF
1615 4660 1712 4710 musica
1728 4655 1895 4709 estmetriea
1908 4658 1991 4709 locum

337 4786 437 4830 aratore
454 4779 528 4830 nectit
543 4779 749 4831 Wilamowitaim
800 4779 981 4846 astrologiaT,
998 4781 1085 4831 nomia
1101 4797 1121 4829 s.
1135 4779 1153 4830 l.
1165 4779 1227 4831 odd.
1246 4777 1283 4827 T²
1376 4774 1393 4828 9
1410 4736 1609 4860 architectorlics
1622 4776 1656 4828 Μ
1658 4779 1678 4841 ²,
1694 4777 1885 4830 architectorica
1899 4774 1993 4826 TOFP

340 4856 486 5006 mapillatur
496 4899 538 4949 L¹
609 4898 766 4951 leccionisO
868 4895 903 4949 10
919 4897 1013 4949 videris
1027 4896 1059 4961 L,
1077 4895 1145 4950 vidis
1163 4916 1229 4950 corr.
1249 4897 1277 4948 in
1295 4894 1370 4951 vidus
1387 4896 1424 4948 T’
1530 4898 1560 4950 ll
1581 4898 1761 4950 redhibitionis
1779 4896 1807 4962 (h
1824 4911 1892 4946 eros.
1904 4892 1952 4959 0²)
1963 4894 1991 4959 0,

339 5020 498 5085 redibitiouis
515 5019 546 5070 M
552 5022 571 5083 ²,
589 5020 748 5072 redibitionis
765 5016 817 5068 FP
919 5015 952 5067 12
969 5017 1079 5080 cnimF,
1096 5024 1136 5070 ast
1156 5036 1176 5070 a
1195 5019 1212 5070 l.
1230 5018 1291 5069 add.
1303 5018 1345 5069 F¹
1415 5018 1496 5071 reatui
1513 5018 1538 5069 L
1606 5017 1671 5070 libor
1688 5032 1737 5067 om.
1758 5016 1781 5067 0
1846 5015 1949 5066 exibere
1966 5013 1995 5065 F

340 5136 372 5189 13
391 5140 537 5191 sacietatem
556 5138 611 5190 Me
696 5136 729 5190 15
746 5138 803 5190 vals
821 5156 869 5189 cnr.
888 5136 917 5186 F
1002 5134 1036 5187 16
1052 5137 1203 5203 apollinario
1221 5137 1251 5189 F
1298 5139 1408 5190 salutem
1425 5155 1474 5188 om.
1493 5137 1547 5189 LF
1632 5134 1665 5186 18
1682 5136 1788 5187 dileccio
1808 5134 1836 5198 0,
1853 5134 1948 5185 dilictio
1966 5132 1991 5183 L

339 5267 425 5312 notam
443 5260 468 5312 L
575 5259 612 5312 20
628 5277 748 5313 maxume
766 5257 823 5310 MP
928 5256 959 5307 ’Μ
980 5258 1126 5310 hostilitatis
1149 5258 1181 5322 T,
1205 5257 1282 5311 lues
1299 5260 1440 5312 honestatis
1462 5277 1481 5310 s.
1501 5260 1519 5310 l.
1537 5258 1600 5311 odd.
1624 5258 1660 5308 T²
1730 5227 1782 5310 ties
1799 5255 1828 5307 F
1893 5252 1992 5321 trepide

324 5378 361 5430 ἐ.
381 5381 397 5432 l.
416 5377 529 5430 odd-P¹
583 5397 608 5447 ,p
627 5396 646 5428 s.
665 5380 682 5430 l.
700 5376 821 5429 add.M¹
909 5373 943 5426 ‘22
961 5375 1098 5443 supprimis
1107 5376 1212 5429 MOFP
1294 5376 1329 5430 23
1344 5380 1437 5446 gavisii
1456 5378 1486 5444 (u
1504 5396 1570 5430 corr.
1589 5379 1617 5429 iu
1634 5383 1684 5429 urii
1703 5376 1753 5441 ΡΙ)
1772 5376 1798 5426 P
1880 5371 1914 5425 24
1932 5381 1991 5426 unte

340 5500 476 5567 compertis
495 5501 543 5566 leg.
561 5504 595 5551 οῦ
613 5500 641 5550 in
663 5499 688 5549 Τ
761 5445 879 5562 oonpalis
899 5495 933 5547 0¹
1013 5496 1085 5547 trista
1102 5513 1123 5547 a.
1142 5498 1159 5549 l.
1177 5497 1240 5549 edd.
1260 5496 1293 5547 Μ
1298 5498 1305 5529 ¹
1428 5496 1463 5549 26
1480 5497 1628 5564 suspitionis
1646 5494 1769 5547 LTGFP
1839 5510 1943 5561 nanque
1960 5490 1995 5544 Μ

340 5620 422 5692 adque
440 5618 473 5685 L,
490 5625 536 5672 sut
553 5618 582 5674 F
682 5615 716 5670 27
733 5617 852 5674 amicicia
871 5615 920 5667 OF
984 5630 1031 5667 vos
1048 5615 1091 5668 vol
1108 5615 1138 5668 F
