4462 6216
836 325 889 380 Vll
907 343 932 380 v.
952 327 1000 380 ltt
1019 355 1052 366 -
1070 342 1095 379 v,
1113 325 1173 381 259.

548 502 593 576 tu,
616 497 800 577 Theodora,
822 499 925 577 venis,
947 520 1045 584 quem
1068 519 1127 586 pro
1150 500 1274 585 pietate
1296 499 1468 585 propinqui

549 601 678 687 expetis
700 604 732 666 in
756 601 866 667 media
887 603 994 690 pelliti
1016 604 1171 690 principis
1193 604 1270 667 aula

474 716 512 755 2²⁰
544 711 645 783 tutus,
667 705 777 785 Avite,
799 705 878 783 fide3
903 706 1017 792 probat
1041 707 1102 773 hoc
1125 709 1189 772 iam
1212 706 1393 772 Theudoria
1417 707 1519 772 altum

544 810 731 895 exemplum
756 809 863 875 officii.
908 833 961 877 res
986 813 1068 876 mira
1090 818 1123 876 et
1145 811 1245 896 digna
1267 811 1384 889 relatu,

546 912 632 998 quod
654 914 755 978 fueris
779 913 927 995 blandus,
950 917 1021 1001 regi
1044 915 1208 1002 placuisse
1231 914 1343 979 feroci.

546 1016 621 1081 hinc
645 1023 678 1082 te
701 1017 857 1103 paulatim
879 1019 1042 1105 praelibat
1064 1018 1215 1084 sensibus
1238 1019 1311 1083 imis

545 1127 644 1206 atque
667 1122 797 1185 animis:
821 1122 889 1185 vult
912 1142 984 1187 esse
1007 1144 1115 1193 suum:
1140 1121 1199 1187 sed
1222 1121 1352 1209 spernis
1375 1121 1516 1186 amicum

474 1239 512 1277 2¹²³
543 1225 617 1311 plus
640 1245 737 1310 quam
760 1224 943 1290 Romanum
966 1247 1093 1312 gerere.
1139 1230 1250 1312 stupet
1272 1226 1329 1290 ille
1351 1225 1518 1310 repulsam

545 1335 577 1394 et
600 1329 674 1414 plus
697 1328 773 1394 iude
796 1330 917 1414 places.
962 1330 1102 1415 rigidum
1126 1331 1182 1405 sic,
1206 1329 1344 1415 Pyrrhe,
1368 1328 1506 1393 videbas

544 1432 739 1511 Fabricium,
763 1433 909 1518 ingestas
931 1434 1038 1497 animo
1062 1455 1135 1497 cum
1158 1431 1258 1498 divite
1283 1432 1367 1517 fugit

544 1557 669 1624 pauper
690 1558 780 1623 opes,
803 1557 915 1621 regem
939 1544 1099 1614 temnens,
1122 1536 1199 1601 dum
1222 1535 1370 1623 supplice
1394 1553 1494 1600 censu

546 1641 664 1727 pignus
686 1640 851 1706 amicitiae
874 1641 931 1704 vili
953 1640 1117 1706 mendicat
1140 1640 1181 1705 ab
1205 1661 1295 1705 auro.

477 1760 489 1800 ε’
600 1747 734 1811 Aetium
757 1746 894 1817 interca,
918 1745 1073 1831 Scythico
1095 1747 1172 1831 quia
1195 1767 1295 1833 saepe
1318 1743 1428 1810 duello
1451 1749 1503 1808 est

546 1849 693 1928 edoctus,
718 1852 878 1936 sequeris:
902 1851 967 1937 qui,
990 1872 1186 1938 quamquam
1210 1853 1319 1918 celsus
1342 1853 1376 1916 in
1399 1850 1509 1927 armis,

546 1953 590 2016 nil
616 1954 686 2018 sine
710 1961 742 2018 te
766 1955 879 2039 gessit,
903 1977 976 2021 oum
1000 1957 1139 2042 plurima
1161 1962 1230 2020 tute
1255 1956 1326 2020 sine
1349 1955 1416 2019 illo.

546 2078 621 2121 narn
644 2064 718 2143 post
741 2057 924 2143 Iuthungos
949 2066 982 2124 et
1005 2058 1124 2123 Norica
1146 2058 1236 2124 bella
1259 2057 1395 2123 subacto

546 2161 647 2225 victor
662 2159 834 2226 Vindelico
856 2162 1005 2247 Belgam,
1029 2161 1220 2248 Burgundio
1244 2182 1341 2247 quem
1365 2168 1440 2226 trux

476 2281 507 2316 ·-’Ι
548 2270 722 2350 presserat,
746 2264 884 2330 absolvit
908 2266 1038 2331 iunctus
1061 2266 1130 2331 tibi.
1175 2266 1318 2331 vincitur
1338 2264 1406 2329 illic

545 2388 643 2432 cursu
665 2367 821 2449 Herulus,
846 2367 979 2435 Chunus
1002 2370 1119 2434 iaculis
1141 2369 1352 2454 Francusque
1376 2372 1501 2443 natatu,

548 2470 742 2536 Sauromata
764 2472 881 2557 clipeo,
906 2472 1015 2538 Salius
1039 2473 1132 2560 pede,
1156 2474 1240 2537 falce
1264 2471 1422 2549 Gelonus,

547 2575 681 2640 vulnere
705 2576 757 2641 vel
781 2576 809 2640 si
833 2576 905 2662 quis
928 2577 1065 2662 plangit,
1089 2577 1139 2641 cui
1162 2577 1259 2641 flesse
1283 2576 1371 2640 feriri
1394 2582 1446 2640 est

547 2699 584 2742 ac
608 2679 694 2743 ferro
719 2699 893 2765 perarasse
916 2701 1018 2765 genas
1041 2681 1197 2765 vultuque
1219 2680 1338 2743 minaei

479 2796 509 2832 2’·
548 2780 646 2845 rubra
668 2781 856 2847 cicatricum
879 2783 1021 2866 vestigia
1043 2782 1222 2848 defodisse.

594 2883 718 2950 Illustri
740 2886 803 2949 iam
827 2892 894 2950 tum
918 2884 1060 2951 donatur
1081 2887 1190 2950 celsus
1213 2885 1348 2951 honore.

548 3008 722 3073 squameus
747 2994 780 3053 et
803 2988 909 3053 rutilis
933 2990 1116 3054 etiamnunc
1139 2989 1240 3053 livida
1262 2989 1370 3054 cristis

548 3111 604 3155 ora
627 3111 746 3175 gerens
771 3091 826 3155 vin
849 3112 939 3155 arma
961 3091 1094 3157 domum
1118 3092 1284 3157 sordentia
1307 3093 1422 3157 castris

548 3193 731 3258 rettulerat:
756 3214 842 3258 nova
864 3194 953 3259 bella
975 3196 1092 3260 iterum
1115 3215 1324 3281 pugnamque
1348 3194 1409 3259 sub
1433 3195 1513 3280 ipsis

476 3312 514 3350 2¹³·
545 3297 610 3360 iam
635 3298 760 3382 patriae
784 3299 884 3362 muris
907 3298 1072 3385 periturus
1096 3306 1280 3364 commovet
1303 3298 1417 3363 hostis.

546 3400 688 3466 Litorius
712 3400 883 3487 Scythicos
907 3405 1033 3488 equites
1057 3411 1126 3468 tum
1149 3404 1233 3469 forte
1258 3402 1395 3467 subacto

547 3505 655 3569 celsus
679 3505 871 3570 Aremorico
896 3505 1047 3572 Geticum
1071 3507 1221 3594 rapiebat
1244 3508 1277 3571 in
1299 3529 1418 3592 agmen

546 3629 606 3692 per
629 3615 743 3688 terras,
766 3609 925 3688 Arverno,
951 3617 1035 3690 tuas,
1058 3612 1113 3697 qui
1136 3612 1287 3699 proxima
1309 3633 1457 3698 quaeque

545 3711 704 3789 discursu,
728 3713 875 3791 flammis,
898 3716 996 3792 ferro,
1020 3716 1163 3795 feritate,
1187 3717 1310 3803 rapinis

477 3828 494 3866 ²·
547 3813 713 3894 delebant,
737 3817 826 3901 pacis
848 3818 1002 3884 fallentes
1026 3840 1145 3883 nomen
1169 3820 1276 3884 inane.

547 3919 644 3984 huius
669 3927 737 3984 tum
759 3921 916 3986 famulum
940 3923 1070 4009 quidam
1095 3924 1311 3989 truculentior
1332 3925 1459 3992 horum.

548 4045 624 4087 mox
648 4024 805 4106 feriende,
828 4027 923 4103 leris;
947 4029 1012 4092 ruit
1035 4028 1090 4093 ille
1114 4035 1148 4093 et
1171 4029 1278 4093 tristia
1298 4029 1368 4092 fata

547 4126 752 4193 commendat
774 4128 902 4194 domino
925 4129 1054 4194 absenti
1077 4137 1269 4216 partemque
1291 4130 1433 4195 futuram

546 4229 713 4296 vindictae
736 4233 878 4296 moriens
902 4231 1052 4318 Stygium
1076 4254 1134 4319 spe
1158 4240 1266 4320 portat
1288 4234 1330 4298 ad
1354 4255 1493 4299 amnem.

477 4347 514 4384 ‘2³³
547 4342 580 4397 ot
603 4333 666 4396 iaru
689 4334 777 4398 fama
798 4335 867 4398 viro
891 4344 999 4401 turres
1022 4343 1199 4422 portasque
1222 4338 1327 4402 tuenti

546 4436 665 4502 intuitu
689 4438 827 4524 pavidae
851 4439 959 4525 plebis
982 4441 1108 4527 perfert
1131 4441 1239 4511 scelus
1262 4449 1382 4507 actum.

546 4540 720 4621 excutitur,
745 4550 858 4621 restat,
882 4544 993 4629 pallet,
1017 4545 1122 4615 rubet,
1145 4546 1235 4631 alget
1258 4552 1291 4610 et
1313 4544 1416 4621 ardet,

545 4666 583 4708 ae
605 4645 736 4710 sibimet
758 4648 878 4711 multas
901 4648 1026 4711 vultum
1050 4649 1174 4713 variata
1197 4668 1376 4734 perunum

546 4748 594 4811 ira
615 4749 693 4812 lacit
715 4750 829 4831 iacies,
854 4752 916 4831 vel,
940 4752 994 4837 qui
1018 4772 1089 4817 mos
1113 4773 1212 4838 saepe
1236 4751 1370 4827 dolenti,

186 4896 366 4904 ——-—
380 4900 391 4904 ..
429 4900 432 4904 .
446 4900 594 4905 ..-...-—...

285 5021 337 5073 218
355 5026 460 5090 spietute
479 5027 507 5076 F
607 5028 659 5079 220
677 5032 805 5082 clamoris
825 5031 883 5093 CM,
901 5032 1039 5083 theodorus
1060 5029 1084 5079 Τ
1081 5029 1109 5080 F
1208 5028 1261 5079 223
1279 5029 1416 5095 praelibrat
1434 5027 1465 5077 Μ
1566 5026 1618 5078 226
1635 5028 1673 5077 sic
1691 5044 1766 5092 pyrre
1783 5026 1807 5075 Τ
1805 5026 1832 5083 t',

182 5110 218 5159 sie
236 5110 304 5175 pirre
317 5109 349 5169 F,
367 5129 453 5175 ayrrao
466 5113 497 5162 M
599 5114 652 5166 230
668 5118 780 5168 aethium
797 5119 870 5168 codd.
941 5119 1047 5169 iuteretu
1062 5117 1090 5179 0,
1112 5118 1206 5167 interra
1224 5115 1251 5177 Τ,
1269 5117 1382 5179 iutergas
1396 5114 1426 5164 Μ
1494 5114 1637 5164 scientae
1703 5114 1748 5179 qui
1766 5111 1835 5163 'tlt'

182 5204 220 5245 eol
238 5214 286 5245 ortt·
299 5196 330 5245 Μ
424 5196 473 5248 231
493 5201 568 5251 calais
581 5200 614 5250 Μ
705 5201 757 5252 hl.)
775 5211 830 5254 tute
842 5203 975 5254 Larianus
986 5203 1111 5255 rllacllsr:
1128 5212 1156 5253 tu
1169 5203 1243 5253 codd.
1340 5199 1391 5252 233
1410 5201 1560 5266 iutlriuugos
1572 5199 1611 5261 Μ,
1628 5200 1788 5264 iuuthungos
1799 5199 1832 5260 F,

182 5300 229 5332 ⁰⁷¹²·
249 5291 313 5347 ῬΜ
332 5301 385 5333 ²²⁰⁶·
405 5284 428 5333 T
544 5286 596 5338 235
614 5288 663 5338 sini
682 5289 713 5337 Μ
832 5290 884 5341 236
902 5292 1030 5343 cli-uuus
1044 5292 1089 5352 0¹,
1112 5308 1196 5341 conus
1214 5290 1244 5340 Μ
1249 5298 1263 5326 ⁸
1383 5285 1435 5338 238
1452 5286 1520 5336 feriri
1541 5282 1617 5349 C⁸Fl
1636 5286 1718 5352 perire
1735 5284 1767 5333 Μ
1772 5284 1796 5334 Τ
1794 5284 1832 5336 0¹³

182 5365 234 5419 ‘llll
250 5371 417 5421 citauicum
431 5374 470 5423 Ca
582 5373 631 5425 ‘241
651 5393 709 5427 cum
724 5377 747 5427 t}
855 5373 907 5428 243
925 5378 964 5427 vir
976 5379 999 5428 t'
1072 5377 1217 5441 squalentia
1234 5374 1273 5423 '1⁸¹³
1385 5370 1437 5424 244
1453 5372 1576 5423 retulerat
1588 5371 1648 5435 UH,
1668 5371 1794 5423 extulerat
1812 5370 1837 5420 Τ

181 5452 233 5505 245
251 5457 327 5508 moris
346 5457 377 5506 Μ
451 5459 570 5525 periurus
595 5460 757 5512 ll'ilonroreits
865 5460 916 5513 ‘lto
938 5462 1049 5514 littorius
1068 5462 1096 5525 U,
1118 5463 1236 5513 litherius
1255 5460 1288 5510 Μ
1290 5459 1340 5510 Tr'
1408 5458 1517 5509 cithicua
1536 5456 1568 5507 Μ
1674 5453 1725 5506 24Ῑ
1743 5454 1831 5522 arsin]

181 5558 295 5593 cremore
312 5544 362 5594 coti
380 5543 418 5607 Μ,
437 5562 567 5596 aremorco
584 5546 608 5595 Τ
711 5546 763 5599 ‘248
781 5565 914 5615 pamerras
929 5548 951 5599 0
1020 5549 1119 5599 arverie
1131 5547 1160 5598 1⁰¹
1264 5544 1315 5597 252
1332 5547 1398 5596 feras
1416 5543 1449 5593 Μ
1515 5543 1618 5594 tristitia
1634 5541 1667 5591 Μ
1733 5544 1835 5594 lactat}

182 5625 234 5680 253
245 5629 312 5693 sort.
331 5632 431 5682 suturae
534 5630 585 5684 254
602 5651 695 5686 arnrem
714 5635 738 5685 Τ
836 5633 888 5687 255
905 5636 986 5686 forma
1000 5636 1039 5686 U·
1140 5634 1193 5685 258
1210 5635 1304 5685 wicta
1318 5631 1393 5684 codd.
1497 5628 1550 5682 259
1568 5626 1632 5696 mm]
1651 5630 1726 5681 modo
1744 5630 1775 5682 Μ

285 5746 413 5801 Smontus.
1591 5745 1625 5800 27
