4462 6216
292 382 354 450 326
905 379 1044 439 sualch
1062 378 1320 438 EPISTULARUM

203 559 238 632 G
289 559 356 624 scio
372 560 470 640 enirn,
493 558 712 624 exhortationi
731 558 870 646 positam
894 578 968 623 esse
989 558 1185 638 mercedem,
1209 558 1285 643 quia
1307 557 1459 643 legimus:
1482 556 1587 624 llere
1611 579 1694 623 eum
1717 554 1945 639 flentibus,

291 670 325 726 et
351 685 393 727 ne
424 664 509 729 forte
538 670 573 728 tu
603 665 636 728 in
666 664 786 729 iudicio
814 663 954 728 diceres:
991 662 1174 747 quaesivi
1205 662 1267 746 qui
1299 662 1416 726 simul
1448 683 1594 726 mecum
1624 663 1946 728 contristaretur

240 767 332 829 auat
358 788 431 832 non
458 768 548 849 luit,
580 774 618 832 et
640 768 916 832 consolantes
940 787 997 831 me
1021 772 1060 831 et
1082 787 1157 829 non
1180 765 1324 830 inveni.
1369 766 1567 851 perfectiora
1589 786 1666 830 vero
1690 772 1791 851 atque
1815 768 1942 833 maiora

291 870 324 933 in
347 870 514 955 scripturis
536 869 668 949 divinis,
699 868 786 935 unde
809 871 874 933 ista
895 868 1052 955 decerpta
1073 874 1162 945 sunt,
1191 869 1408 933 instrumenta
1429 870 1597 955 perquire,
1620 871 1647 934 si
1668 871 1719 934 vis
1743 877 1804 934 aut
1826 879 1945 959 coepta

291 973 451 1058 perficere
482 979 539 1038 aut
569 973 610 1038 ad
640 974 784 1061 pollicita
814 975 997 1060 pervenire.
1046 971 1136 1037 dabit
1164 972 1224 1036 tibi
1252 972 1361 1037 taliter
1390 973 1562 1057 quaerenti
1590 972 1739 1038 domiuus
1766 974 1943 1039 scientiam
1979 990 1991 1027 ⁵

240 1077 414 1161 asperiter
436 1083 469 1141 et
484 1077 646 1157 virtutem,
670 1082 705 1140 ut
728 1084 762 1142 et
784 1078 870 1142 lecta
884 1079 1058 1162 intellegas
1074 1083 1108 1142 et
1123 1077 1292 1141 intellecta
1308 1076 1483 1143 custodias.
1520 1098 1597 1141 nanr
1611 1084 1706 1165 pater
1721 1077 1945 1164 orphanorum

292 1187 327 1245 et
348 1178 469 1244 arbiter
490 1180 661 1243 viduarum
684 1201 757 1244 cum
780 1187 812 1245 te
836 1180 876 1245 de
899 1202 934 1245 se
957 1188 1083 1245 tanturn
1108 1201 1241 1266 sperare
1265 1181 1489 1266 conspexerit,
1518 1186 1553 1244 et
1574 1181 1705 1267 pupillis
1728 1183 1795 1246 tuis
1819 1182 1945 1247 tribuet

290 1289 427 1371 paterna
448 1284 571 1369 pietate
595 1283 794 1369 praesidium
818 1291 852 1349 et
872 1290 906 1349 te
929 1286 1192 1351 remuneratione
1215 1285 1331 1349 iudicis
1355 1284 1514 1371 perducet
1537 1285 1578 1350 ad
1601 1287 1794 1371 praemium.

1066 1628 1158 1695 XVI.

445 1782 623 1848 DOMINO
650 1783 824 1850 SANOTO
848 1784 907 1851 ΕΤ
929 1782 1211 1850 APOSTOLIOO
1234 1782 1294 1849 Ac
1317 1783 1423 1848 MIHI
1446 1783 1566 1849 PRAE
1590 1783 1782 1850 CETERIS
1966 1802 1990 1840 ¹⁰

318 1887 367 1950 IN
389 1886 583 1951 CHRISTO
606 1887 785 1953 DOMINO
810 1887 959 1953 CULTU
983 1885 1284 1959 APPEOTUQUEI
1308 1886 1610 1952 PECULIARIUS
1634 1887 1916 1954 EXOOLENDO

402 1989 613 2055 PATRONO
636 1990 694 2056 ΕΤ
717 1992 867 2058 PAPAE
890 1990 1063 2057 AEONIO
1086 1989 1306 2055 EPISOOPO
1329 1989 1544 2056 RURIOIUS
1567 1990 1830 2057 EPISCOPUS.

262 2169 275 2227 1
395 2144 502 2236 Aera
529 2192 669 2259 paucum
699 2177 827 2258 tempus
859 2173 986 2238 litteras
1016 2177 1146 2238 vestrae
1176 2170 1358 2236 sanctitatis
1386 2170 1512 2255 accepi,
1544 2172 1660 2255 quibus
1689 2173 1790 2237 etiam
1818 2172 1860 2240 de
1891 2174 1942 2239 in-

290 2275 495 2342 officiositate
518 2278 601 2341 tanti
624 2277 787 2342 habuistis
810 2277 1021 2341 affectuosius
1044 2297 1260 2351 commonere,
1283 2275 1442 2341 dicentes:
1475 2274 1582 2339 nihil
1610 2276 1797 2341 caritate
1822 2299 1943 2364 prae·

259 2381 492 2444 latentius.
548 2379 633 2465 quod
666 2401 728 2464 ego
761 2379 856 2444 valde
889 2402 1003 2445 verum
1042 2401 1117 2445 esse
1150 2380 1302 2444 confirmo
1341 2384 1374 2444 et
1410 2378 1589 2443 seeundum
1624 2380 1811 2466 apostolum
1849 2382 1941 2447 illam
1966 2397 1989 2435 ¹⁵

288 2483 459 2547 caritatem
481 2482 554 2546 dico
578 2504 652 2548 esse
675 2483 854 2569 perfectam
882 2491 916 2549 et
945 2484 1134 2563 sublimem,
1167 2505 1250 2568 quae
1278 2483 1325 2548 de
1354 2480 1468 2548 corde
1495 2503 1587 2567 puro
1617 2489 1655 2547 et
1683 2484 1945 2551 conscientia

289 2587 390 2651 bona
416 2593 457 2651 et
483 2585 572 2652 fido
599 2607 675 2651 non
698 2588 806 2652 licta
826 2588 1037 2675 procedit,
1066 2610 1150 2674 quae
1173 2589 1265 2653 iuxta
1287 2587 1427 2653 eundem
1450 2586 1633 2672 apostolum
1660 2587 1830 2673 patiens
1861 2596 1944 2671 eat,

288 2689 464 2774 benigna
494 2695 574 2770 est,
609 2710 714 2774 quae
743 2711 817 2754 non
849 2692 1041 2773 inflatur,
1072 2713 1146 2756 non
1178 2691 1412 2763 aemulatur,
1444 2710 1521 2754 non
1553 2690 1710 2774 quaerit
1739 2711 1841 2775 quae
1869 2713 1944 2759 sus

290 2799 394 2874 sunt,
435 2814 509 2857 non
542 2790 684 2877 gaudet
718 2814 836 2879 super
869 2794 1113 2880 iniquitate,
1154 2793 1370 2879 congaudet
1407 2800 1542 2858 autem
1574 2792 1760 2874 veritati,
1802 2796 1944 2861 omnia

259 2896 428 2978 3credit,
451 2897 580 2961 omnia
602 2903 750 2983 sperat,
775 2905 816 2963 et
837 2898 931 2963 inde
955 2904 1033 2979 est,
1061 2898 1165 2984 quod
1187 2918 1390 2983 numquam
1413 2896 1532 2961 cadit.
1576 2897 1731 2983 patiens
1756 2904 1833 2979 est,
1863 2900 1942 2985 quia
1966 2913 1991 2953 ²⁰

287 3006 400 3064 contra
421 3000 653 3086 temptationes
677 3001 802 3066 sacculi
817 3003 869 3066 vel
892 3003 1052 3089 procellas
1074 3003 1109 3065 in
1131 3001 1228 3067 deum
1251 3000 1360 3066 defixa
1381 3004 1506 3085 perstat
1528 3001 1715 3065 immobilis.
1758 2999 1943 3088 benigna

287 3112 366 3187 est,
388 3106 465 3191 quia
479 3106 700 3193 proximorum
717 3105 916 3191 profectibus
934 3105 1125 3172 delectatur.
1164 3127 1240 3170 non
1256 3106 1450 3180 inflatur,
1474 3104 1631 3191 quianon
1648 3104 1796 3191 superbit
1811 3105 1941 3174 humili.

287 3231 363 3274 non
393 3208 632 3291 aemulatur,
666 3210 741 3294 quia
774 3209 921 3275 invidere
956 3212 1062 3276 nescit
1097 3210 1236 3295 aequali.
1287 3231 1362 3274 uon
1393 3208 1550 3293 quaerit
1580 3228 1681 3292 quae
1714 3228 1790 3271 sua
1825 3216 1942 3291 sunt,

286 3312 364 3378 dum
387 3313 480 3378 iuxta
503 3310 625 3377 domini
648 3314 846 3378 sententiam
868 3314 930 3378 sibi
954 3316 1054 3379 etiam
1077 3315 1227 3379 minimos
1250 3312 1421 3400 anteponit
1445 3319 1478 3377 et
1504 3312 1640 3377 aliorum
1669 3310 1841 3376 commoda
1869 3313 1940 3378 suis

256 3421 449 3482 tmercatur
475 3416 699 3483 incommodis.
750 3437 822 3481 non
852 3416 997 3503 gaudet
1028 3439 1145 3504 super
1174 3417 1422 3503 iniquitate,
1454 3406 1676 3503 quia'laatari
1704 3414 1769 3479 uisi
1800 3414 1941 3481 fratrum
1966 3430 1990 3471 2⁵

285 3521 502 3608 prosperitate
534 3541 600 3584 non
632 3520 733 3584 novit.
789 3520 1007 3606 congaudet
1040 3527 1179 3586 autern
1212 3520 1394 3601 veritati,
1428 3519 1504 3606 quia
1537 3519 1676 3583 amicum
1710 3518 1840 3583 sincera
1872 3541 1941 3585 uon

285 3624 396 3688 fucata
419 3623 593 3687 dilectione
611 3630 786 3688 veneratur
808 3646 869 3690 nec
892 3625 976 3690 falsa
993 3623 1179 3690 adulatione
1196 3624 1386 3704 subsannat,
1410 3622 1469 3688 sed
1483 3645 1562 3689 vero
1578 3622 1699 3689 honore
1715 3623 1940 3690 coucelebrat

285 3727 415 3790 omnia
438 3725 583 3808 crodit,
606 3727 684 3811 quia
698 3726 732 3790 in
747 3726 909 3792 mandatis
926 3727 1043 3793 divinis
1064 3729 1298 3815 promissisque
1315 3727 1458 3794 confidIt.
1494 3734 1528 3792 et
1543 3726 1617 3792 ideo
1634 3726 1762 3791 omnia
1784 3734 1940 3813 sperat,

285 3830 363 3914 quia
392 3850 451 3915 pro
480 3829 624 3893 minimis
647 3850 782 3915 magna,
811 3852 871 3918 pro
895 3831 1026 3896 caducis
1050 3840 1224 3918 perpetua,
1255 3852 1314 3918 pro
1337 3829 1569 3917 temporalibus
1594 3837 1729 3896 aeterna
1752 3829 1818 3893 sibi
1841 3831 1939 3895 retri-

256 3933 416 3998 5buenda
445 3954 507 3998 uon
537 3933 681 4018 ambigit.
730 3955 938 4020 numquam
968 3933 1093 4017 cadit,
1128 3936 1204 4019 quia
1230 3934 1395 3999 humilitas
1430 3933 1552 3998 habere
1582 3955 1648 3999 non
1674 3938 1783 4021 potest
1811 3954 1938 4017 casum,
1963 3946 1989 3986 ¹⁰

286 4058 360 4101 cum
383 4036 506 4102 habeat
528 4058 658 4123 semper
679 4059 867 4119 ascensum,
898 4044 932 4105 et
960 4061 1033 4103 curn
1062 4039 1184 4124 iugiter
1210 4039 1344 4104 excelsa
1369 4038 1557 4119 meditetur,
1586 4037 1733 4103 habitare
1762 4044 1877 4103 tamen
1904 4038 1938 4103 iu

285 4141 480 4205 sublimibus
502 4163 567 4206 non
583 4143 772 4229 praesumit.
811 4165 884 4208 curn
907 4144 1110 4209 conversatio
1132 4144 1203 4207 eius
1226 4142 1387 4207 habeatur
1408 4143 1568 4224 incaelis,
1592 4142 1665 4228 ipsa
1679 4149 1792 4207 tamen
1807 4141 1940 4207 videtur

283 4245 463 4310 adhaerere
491 4245 644 4328 terrenis,
675 4247 810 4311 excelsa
836 4266 949 4333 opere,
979 4254 1089 4313 mente
1117 4246 1259 4326 deiecta,
1289 4245 1415 4311 habens
1444 4244 1531 4309 unde
1560 4245 1717 4330 glorietur
1743 4245 1777 4309 iu
1805 4243 1937 4309 domino

253 4352 344 4414 bueo
374 4355 486 4413 tamen
515 4350 696 4414 extollatur
723 4350 756 4414 in
785 4353 926 4417 sacculo.
976 4352 1072 4434 haee,
1107 4350 1184 4436 quia
1212 4351 1349 4430 iussisti,
1384 4348 1528 4414 scribere
1558 4370 1625 4413 non
1654 4369 1713 4435 pro
1749 4345 1937 4414 eruditione

281 4458 394 4518 nostra
417 4451 476 4518 sed
498 4474 557 4538 pro
578 4458 690 4519 vestra
713 4455 900 4540 dignatione
923 4457 1140 4543 praesumpsi.
1178 4462 1323 4520 vestrum
1346 4475 1424 4519 vero
1448 4461 1498 4518 est
1520 4474 1582 4518 nos
1605 4452 1743 4517 edocere
1765 4451 1876 4517 verbis
1901 4460 1936 4518 et
1961 4464 1986 4504 ³⁵

282 4556 323 4620 ad
355 4557 439 4622 hauc
474 4556 612 4623 eandem
646 4560 814 4625 caritatem
847 4581 1025 4647 provocare
1061 4580 1191 4646 semper
1225 4558 1400 4645 exemplis,
1440 4557 1523 4645 quia.
1550 4556 1698 4637 dilectio,
1736 4576 1822 4640 quae
1856 4562 1936 4620 aute

283 4661 499 4744 cognitionem
528 4667 641 4726 mutua
671 4664 755 4730 inter
784 4665 937 4730 absentes
968 4665 1159 4749 epistolario
1192 4664 1346 4728 inchoata
1380 4682 1529 4726 sermone
1559 4681 1689 4746 semper
1715 4665 1749 4724 et
1775 4658 1844 4723 lota
1873 4665 1936 4741 est,

283 4764 404 4829 debeat
427 4768 540 4851 augeri
563 4771 726 4853 corporali
747 4771 874 4836 visione
898 4791 963 4835 non
985 4770 1086 4833 minui
1110 4774 1144 4833 et
1167 4789 1316 4834 crescere
1341 4767 1470 4848 intuitu,
1494 4786 1579 4851 quae
1603 4764 1711 4851 coepit
1733 4762 1845 4826 affatu.

385 5038 497 5092 1Ron1.
516 5038 577 5103 XII,
597 5041 637 5095 15.
730 5042 810 5096 ars.
828 5043 953 5108 LXVIII,
970 5045 1013 5098 <21.
1106 5045 1186 5099 st.
1205 5042 1314 5107 LXVII,
1333 5044 1357 5097 o.
1452 5043 1484 5096 16
1503 5040 1608 5097 Irim.
1628 5039 1649 5101 Ι,
1667 5039 1692 5094 5.
1786 5036 1820 5091 17
1839 5038 1860 5094 1.
1872 5038 1936 5094 Cor.

283 5122 358 5188 XIII,
376 5125 452 5178 4-8.
556 5125 591 5179 ‘24
609 5126 709 5181 Matth.
728 5127 814 5193 XXV,
831 5130 875 5184 40.

386 5278 463 5347 lqni
484 5279 509 5332 G
612 5281 738 5336 Pdieeris
757 5282 783 5337 G
886 5285 903 5337 4
926 5288 1053 5354 discerpta
1074 5285 1099 5338 G
1203 5287 1299 5339 dlicta
1318 5284 1344 5337 G
1454 5285 1470 5337 7
1492 5287 1582 5337 tribuit
1601 5282 1627 5336 G
1735 5283 1891 5352 8perducit
1909 5282 1936 5337 G

282 5366 315 5418 13
337 5368 433 5433 quilius
452 5365 477 5418 G
595 5368 627 5420 17
647 5370 705 5437 lide]
724 5374 782 5424 fiete
800 5391 867 5423 corr.
885 5374 935 5425 lide
954 5370 996 5423 G¹
1114 5374 1146 5425 19
1170 5376 1304 5440 iniquitati⁸
1324 5371 1349 5424 G
1465 5370 1500 5422 20
1522 5370 1598 5439 cadit]
1615 5373 1691 5439 iufra
1708 5371 1724 5422 l.
1739 5373 1784 5433 30,
1806 5373 1883 5423 cadet
1902 5368 1938 5435 G,

281 5454 377 5589 qqeidit
395 5453 467 5520 Vulp.
571 5454 603 5506 21
623 5467 734 5523 praestat
753 5456 779 5509 G
882 5457 916 5509 27
935 5462 1023 5526 fugata
1040 5459 1065 5511 G
1135 5463 1257 5513 subsanet
1278 5458 1303 5510 G
1406 5454 1738 5524 meanosmlus.1.(1’¹
1808 5474 1894 5510 exem.
1908 5454 1935 5509 G

338 5538 492 5591 debeantG
