4462 6216
289 362 362 413 cxx
886 352 1092 409 unissime
1112 353 1153 407 m
1172 352 1354 408 svmmvm
1465 328 1470 335 '

333 529 386 594 At.
410 528 536 595 &deuii
557 529 602 593 ad
623 527 852 611 Papianillarn.

332 632 429 698 Alias
450 633 580 698 Sidonii
600 632 646 695 ad
667 633 797 713 Lupum
819 632 1030 714 episcopatu)
1060 631 1095 695 V.

333 737 411 800 Alia
433 736 560 801 Sidonii
580 737 625 801 od
650 734 842 800 Censorium.

333 840 387 905 Ar.
411 840 538 905 Sidonii
559 841 604 904 ad
625 841 816 905 Pacienten.

334 943 413 1008 Alia
435 944 561 1009 Sidonii
582 944 627 1008 ad
648 944 852 1008 Montertum.

334 1047 413 1111 Alio
436 1046 562 1112 Sidonii
583 1048 627 1111 ad
648 1048 835 1131 Aproecium
857 1050 1044 1129 episcopum.

334 1149 414 1214 Alia
436 1149 562 1215 Sidonii
584 1151 628 1213 ad
649 1150 836 1232 Sulpicium.

334 1254 414 1317 Alia
436 1253 563 1318 Sidonii
583 1254 627 1318 ad
649 1254 829 1319 Ruricium.

335 1356 414 1421 Alia
436 1357 562 1422 Sidonii
583 1357 627 1421 od
651 1356 799 1423 Gothum.

335 1461 388 1526 At.
411 1461 538 1526 daonii
559 1462 604 1525 ad
624 1460 827 1541 Principium
848 1460 1035 1541 episcopum.

335 1565 415 1629 Alia
436 1565 563 1631 Sidonii
583 1565 628 1629 od
650 1564 833 1647 Remepium
854 1565 1076 1649 episcopum).

335 1668 414 1733 Alio
437 1669 562 1734 Sidonii
583 1670 628 1733 ad
648 1670 810 1734 Faustum
831 1670 1053 1753 miscqrrrw).

335 1772 415 1837 Ata
436 1772 562 1837 Sidonii
583 1774 628 1837 ad
650 1772 845 1855 HeresiumJ.

335 1875 440 1939 Habet
461 1876 497 1939 in
517 1877 658 1957 sacena
679 1874 888 1956 epistuluum
910 1874 1004 1938 lilrros
1024 1875 1070 1938 ΙΙ
1085 1875 1192 1938 doncui
1215 1873 1345 1938 Ruricii
1366 1874 1502 1953 quietari
1524 1872 1570 1958 (p.
1597 1872 1791 1958 132-277).

336 1978 461 2044 Deinde
482 1979 692 2059 matularum
713 1978 828 2044 liburno
850 1999 951 2042 unum
973 1979 1080 2042 domni
1101 1977 1264 2043 Desiderii
1285 1978 1422 2058 episcopi
1445 1978 1491 2063 (p.
1515 1980 1711 2062 tta-300).

336 2085 416 2148 item
438 2084 592 2164 epistulas
613 2084 807 2148 diversorum
828 2083 874 2147 ad
894 2083 1026 2147 crcndem
1047 2083 1197 2146 domnum
1222 2081 1423 2146 Desiderium
1446 2081 1491 2167 (p.
1516 2083 1711 2166 eoo-328).

336 2188 543 2274 Eoenpurb)
566 2187 719 2269 epistulae
741 2187 860 2251 Lucidi
875 2187 1052 2269 presbyteri
1074 2187 1119 2274 (p.
1144 2186 1340 2270 ars-332).

336 2290 386 2355 De
408 2291 600 2372 confessione
621 2313 689 2356 vere
709 2291 786 2371 fidei
807 2295 837 2354 et
859 2291 1064 2355 ostentatione
1085 2311 1196 2354 sacrae
1218 2288 1424 2372 comoiuru's0)
1450 2289 1495 2375 (p.
1520 2290 1717 2373 332-348).

336 2393 489 2474 Epistula
510 2395 648 2459 Evantis
669 2395 793 2459 atomis
815 2400 926 2459 contra
947 2416 998 2459 eos
1019 2396 1076 2476 qui
1096 2396 1283 2477 sonpuinem
1305 2416 1370 2459 non
1391 2395 1489 2459 alieni
1511 2395 1723 2481 (ars-353).

337 2498 489 2579 liristula
511 2499 688 2580 Arcprestiui
709 2499 753 2562 ad
774 2499 971 2562 Ianuarium
993 2499 1039 2584 (p.
1064 2499 1260 2583 353-357).

402 2602 506 2666 Iudex
529 2602 581 2666 hio
606 2610 640 2667 et
663 2601 748 2687 quod
772 2607 921 2687 superest
943 2602 1130 2688 exemplum
1154 2623 1193 2667 eo
1217 2602 1423 2688 potissimum
1445 2599 1609 2683 diffamat,
1632 2601 1717 2687 quod
1733 2623 1848 2668 omnes
1865 2624 1947 2690 quas

293 2708 421 2772 uncinis
438 2706 626 2771 inclusimus
643 2704 768 2771 Sidonii
786 2705 948 2791 epistulae
965 2708 999 2771 in
1015 2706 1075 2770 hoc
1092 2705 1331 2770 desiderantur.
1366 2704 1459 2778 Quae
1477 2704 1651 2790 epistulam
1667 2712 1814 2771 truncam
1832 2705 1948 2772 Sedati

295 2809 336 2875 ad
352 2810 520 2875 Ruricium
537 2832 569 2896 p.
585 2811 753 2874 128-130
771 2808 946 2894 (infraFA.
959 2809 1055 2888 XIII,
1071 2831 1103 2896 p.
1117 2810 1193 2894 275)
1218 2810 1250 2873 in
1274 2813 1368 2872 textu
1385 2809 1554 2894 excipiunt
1569 2809 1671 2873 verba
1685 2817 1761 2874 aunt
1784 2811 1947 2897 epistulae

294 2914 492 2980 Sidonianao
510 2913 545 2977 ΙΙ
564 2919 575 2977 Ι
608 2914 707 2997 (infra
723 2936 753 3000 p.
767 2916 848 2991 21,5
868 2950 907 2960 -
929 2935 961 2999 p.
974 2915 1025 2989 22,
1035 2915 1079 2998 2).
1113 2912 1216 2977 Varia
1235 2912 1330 2976 lectio
1348 2910 1423 2976 inde
1441 2911 1545 2975 relata
1563 2913 1661 2976 estin
1679 2912 1775 2977 huius
1793 2912 1947 2978 editionis

292 3017 524 3083 additamenta.
569 3017 661 3083 Inter
683 3018 861 3104 epistulam
884 3018 998 3082 Sedati
1020 3023 1053 3083 et
1075 3018 1294 3103 fragmentum
1318 3015 1529 3081 Sidonianum
1545 3018 1618 3101 plus
1634 3037 1735 3080 unum
1758 3016 1873 3081 lolium
1891 3018 1947 3081 vix

233 3114 236 3119 ’
293 3121 429 3196 excidit;
462 3129 537 3207 post
559 3121 777 3206 fragmentum
800 3127 924 3200 autem,
953 3142 1041 3198 cum,
1071 3127 1119 3184 tot
1142 3126 1221 3206 quot
1247 3122 1281 3184 in
1303 3119 1410 3184 indiae
1434 3125 1649 3184 recensentur
1672 3120 1821 3207 epistulis
1844 3119 1942 3185 Sido·

292 3226 398 3289 uianis
421 3227 678 3312 praetermissis,
707 3224 903 3289 Ruriciauas
930 3224 1081 3289 librarius
1107 3223 1331 3310 sangallensis
1354 3223 1578 3309 descripserit,
1603 3225 1788 3310 complures
1812 3230 1946 3310 quater·

293 3330 405 3393 nioues
429 3328 667 3394 desiderantur.
712 3327 894 3413 Utrumque
918 3327 1043 3391 hiatum
1072 3347 1137 3391 non
1160 3326 1385 3412 Sangallensis
1408 3326 1492 3392 liber
1513 3326 1624 3408 subiit,
1655 3326 1714 3391 sed
1735 3325 1946 3415 archetypus,

294 3440 327 3496 et
349 3434 506 3496 minorem
535 3439 612 3497 ante
647 3432 817 3505 maiorem
849 3453 924 3494 nam
947 3432 1061 3495 lolium
1083 3451 1183 3499 unum
1206 3430 1413 3516 deperditum
1442 3452 1483 3495 ne
1508 3431 1535 3494 is
1558 3431 1689 3516 quidem
1711 3431 1793 3496 vidit
1815 3433 1872 3518 qni
1896 3433 1946 3497 in-

292 3535 398 3600 dicem
421 3536 649 3620 composuit1).
686 3535 892 3619 Archetypus
916 3534 1019 3598 codex
1039 3536 1128 3599 lacer
1148 3534 1321 3599 admodum
1342 3535 1443 3600 luerit
1458 3556 1594 3600 neeesse
1610 3542 1660 3600 est
1674 3540 1707 3598 et
1726 3535 1947 3621 perturbatus.

292 3638 476 3723 Epistulam
508 3639 594 3702 enim
623 3637 737 3702 Fausti
767 3636 809 3701 ad
837 3637 997 3702 Lucidum
1027 3637 1152 3713 datam,
1184 3659 1267 3723 quae
1297 3660 1329 3724 p.
1353 3640 1394 3702 48
1423 3639 1455 3702 in
1479 3638 1590 3702 verbis
1620 3643 1680 3702 aut
1706 3658 1860 3720 apnosccm
1888 3643 1948 3702 out

292 3760 424 3821 respuas
451 3741 548 3823 (infra
569 3762 601 3826 p.
622 3744 695 3819 290,
719 3741 752 3825 6)
777 3740 909 3817 desinit,
942 3762 972 3825 p.
997 3743 1037 3804 49
1068 3746 1248 3825 sequuntur
1278 3741 1360 3806 haec
1388 3741 1429 3805 ab
1463 3741 1528 3805 alio
1555 3741 1688 3805 librario
1721 3740 1857 3827 scripta:
1888 3740 1948 3806 aia

292 3844 381 3908 istud
408 3843 474 3908 illis
499 3844 626 3908 debetur
647 3844 787 3925 inimum,
814 3844 872 3924 qui
893 3843 1038 3908 tabentes
1059 3844 1149 3907 intra
1169 3865 1203 3908 se
1222 3845 1340 3925 sontem
1362 3843 1541 3926 eloquentie.
1593 3843 1682 3910 Unde
1706 3845 1861 3926 quicquid
1880 3844 1948 3909 illis

292 3948 486 4029 inimcpitur,
517 3949 657 4012 caratiae
684 3948 808 4028 inu'puo
830 3948 987 4027 copiosius
1008 3946 1194 4028 aponum.
1237 3947 1352 4012 Verum
1380 3953 1508 4012 econtra
1529 3949 1718 4029 quicumque
1739 3952 1873 4030 mmuste
1895 3948 1945 4011 in·

293 4052 461 4134 tellepentie
482 4056 527 4113 est
549 4070 605 4115 nee
629 4050 722 4115 habet
744 4051 932 4130 elicientium
954 4051 1070 4132 eloqtdi
1092 4090 1134 4099 —
1156 4052 1240 4132 quod
1261 4052 1300 4115 ab
1322 4050 1400 4115 aliis
1420 4053 1566 4133 queritur
1587 4052 1627 4115 ab
1646 4050 1722 4114 aliis
1740 4050 1946 4132 formidatur.

292 4157 416 4220 Locum
431 4155 515 4218 hunc
528 4176 571 4219 ex
583 4155 717 4240 prologo
730 4176 827 4241 quem
842 4154 1148 4220 BaudonIviaVitae
1161 4154 1376 4240 Radegundis
1391 4155 1561 4241 praemisit
1573 4154 1767 4240 sumptum¹)
1779 4153 1947 4240 Hierony-

293 4260 402 4322 miana
425 4258 585 4343 quaedam
609 4265 799 4343 sequuntur,
823 4281 907 4345 quae
930 4259 1075 4346 prolerre
1098 4282 1164 4325 non
1187 4262 1334 4328 interest.
1372 4261 1528 4326 Clausala
1550 4268 1660 4327 autern
1676 4281 1760 4346 quae
1783 4262 1946 4346 epistulae
2044 4244 2047 4249 ¹

294 4362 406 4426 Fausti
428 4361 470 4425 ad
492 4362 653 4426 Lucidum
676 4361 773 4426 datae
798 4363 947 4427 subiecta
971 4371 1037 4445 est,
1067 4365 1168 4430 verba
1191 4366 1330 4430 seilicet:
1357 4366 1439 4430 Item
1460 4364 1528 4429 olio
1550 4385 1651 4428 manu
1671 4364 1819 4428 Faustus
1839 4374 1947 4448 exemp

292 4464 422 4546 episima
453 4486 539 4528 oreae
565 4464 656 4546 relipi
684 4470 714 4528 et
743 4466 899 4549 sribscrip,
931 4468 1089 4552 epistulas
1118 4469 1160 4532 ad
1188 4469 1396 4534 Desiderium
1427 4468 1670 4534 Cadureensem
1702 4467 1796 4532 datas
1825 4488 1857 4552 p.
1883 4471 1946 4533 328

294 4572 417 4656 exeipit
448 4591 513 4633 una
548 4591 621 4634 cum
651 4577 720 4634 toto
750 4570 866 4635 Lucidi
895 4594 1060 4657 responso.
1119 4574 1159 4637 In
1188 4576 1368 4661 exemplari
1405 4573 1518 4659 igitur,
1553 4594 1595 4637 ex
1624 4592 1687 4657 quo
1719 4569 1946 4655 sangallensis

293 4675 452 4759 originem
484 4674 599 4752 traxit,
629 4695 712 4738 uuus
741 4672 846 4739 duone
877 4677 1110 4761 quaterniones
1135 4700 1194 4743 suo
1218 4680 1290 4742 loco
1313 4680 1393 4742 moti
1422 4676 1525 4741 codici
1554 4682 1700 4739 extremo
1731 4673 1833 4738 additi
1858 4681 1945 4740 sunt.

293 4776 329 4840 P.
347 4778 409 4840 332
431 4776 561 4840 libellus
586 4796 719 4860 precum
742 4773 927 4841 Marcellini
952 4786 985 4842 et
1007 4778 1122 4844 Fausti
1147 4778 1282 4865 (iligna,
1306 4781 1429 4847 Patrol.
1452 4780 1525 4845 Lat.
1548 4777 1647 4863 XIII)
1671 4779 1840 4864 sequitur.'

401 4878 514 4942 Fausti
537 4878 661 4962 aliquot
683 4879 842 4964 epistulas
867 4886 900 4943 et
923 4880 1052 4945 Paulini
1076 4882 1117 4947 ad
1141 4904 1215 4947 eum
1239 4884 1272 4947 hi
1295 4884 1425 4949 codices
1450 4885 1630 4949 continent.

216 4989 247 5059 0
401 4981 515 5046 codex
538 4981 739 5045 Parisinus
762 4981 834 5046 Lat.
858 5005 890 5046 n.
911 4986 1012 5048 12097
1035 4986 1125 5065 (olim
1147 4986 1441 5072 Sangermanensis
1466 5009 1496 5053 n.
1514 4989 1587 5062 936,
1611 4984 1817 5049 Corbeiensis
1841 5006 1871 5050 n.
1889 4984 1947 5069 26)

293 5107 379 5152 saec.
403 5084 549 5165 VIlVII,
569 5085 623 5148 fol.
641 5087 783 5163 92-93,
813 5084 943 5149 Paulini
963 5086 1031 5150 FA.
1048 5087 1131 5152 XIV
1151 5091 1324 5175 epistulam
1339 5092 1453 5166 habet;
1482 5089 1523 5156 ci.
1546 5088 1715 5167 Maassen,
1744 5086 1872 5168 Quellen
1893 5088 1948 5151 des
1997 5134 2000 5139 -

293 5190 502 5256 conmiaclien
518 5188 632 5252 Iuctts
650 5187 675 5268 Ι,
698 5209 729 5273 p.
750 5190 823 5253 568.
868 5188 963 5252 Hanc
980 5188 1171 5258 Theodorus
1187 5194 1371 5262 Mommsen
1387 5219 1416 5261 v.
1433 5219 1460 5261 c.
1478 5195 1668 5282 petentibus
1686 5192 1780 5257 nobis
1797 5194 1937 5257 contulit

625 5320 705 5329 -——

396 5400 421 5465 ⁸)
439 5416 503 5464 epm.
522 5402 553 5450 G.
657 5396 683 5461 ι’)
701 5397 784 5448 tribus
803 5397 922 5449 versibus
939 5400 1026 5466 erasis,
1044 5418 1110 5467 qnae
1127 5411 1272 5470 sequuntur
1290 5422 1323 5456 m.
1341 5420 1437 5456 masna
1455 5405 1592 5472 supplevit.
1635 5382 1638 5388 ι
1698 5403 1720 5467 e)
1740 5403 1777 5453 sic
1794 5406 1827 5453 (i.

398 5536 417 5600 ¹)
437 5532 583 5603 Epistulae
608 5531 776 5586 Sidonianae
800 5548 938 5599 quaenam
963 5532 992 5584 in
1021 5533 1114 5589 indice
1137 5540 1399 5601 commemorentur,
1429 5536 1502 5590 infra
1526 5555 1552 5606 p.
1570 5537 1622 5591 ato
1640 5532 1771 5589 indicavi.
1815 5532 1947 5602 Epistula

292 5620 353 5685 Il,l
374 5619 403 5672 in
422 5636 454 5673 eo
472 5620 652 5673 desideratur.
759 5622 781 5687 ²)
800 5618 841 5672 of.
860 5617 906 5673 SS.
927 5620 988 5675 lter.
1008 5623 1110 5677 Merov.
1131 5621 1165 5685 II,
1184 5640 1212 5691 p.
1224 5623 1284 5686 till,
1303 5625 1320 5677 l.
1335 5625 1446 5678 10-18.
