4462 6216
940 348 1249 405 Isau-Hau.

649 522 713 585 iam
736 542 800 585 non
824 521 895 585 Eoo
918 523 1022 586 solum
1045 522 1233 588 veneranda
1254 524 1384 601 Quiriti,

651 625 778 710 imperii
802 624 910 703 sedes,
933 625 992 691 sed
1014 625 1088 712 plus
1111 627 1268 712 pretiosa,
1292 629 1379 714 quod
1402 637 1496 694 extas

650 730 779 815 imperii
802 732 962 816 genetrix.
1000 731 1185 818 Rhodopen
1208 755 1292 820 qnae
1313 741 1423 820 portat
1445 741 1480 801 et
1501 735 1676 815 Haemum,

592 847 617 881 «ἕ»
650 832 813 898 Thracum
837 841 925 899 terra
947 841 1088 915 tuaest,
1111 835 1248 902 heroum
1270 838 1389 903 fertilis
1413 858 1479 905 ora.

651 937 775 1023 excipit
797 939 850 1002 hic
872 944 967 1004 natos
990 940 1115 1024 glacies
1138 944 1172 1005 et
1193 942 1305 1006 matris
1328 941 1371 1007 ab
1394 941 1468 1006 alvo

648 1046 738 1104 artus
761 1041 921 1106 infantum
944 1043 1062 1108 molles
1084 1043 1142 1108 nix
1165 1044 1270 1110 civica
1291 1044 1396 1110 durat.

628 1150 783 1229 pectore
806 1145 862 1208 vix
885 1145 983 1209 alitur
1004 1146 1187 1231 quisquam,
1211 1147 1270 1213 sed
1291 1147 1333 1213 ab
1356 1148 1458 1214 ubere
1482 1153 1604 1212 tractus

649 1249 723 1334 plus
745 1256 838 1335 potat
861 1270 920 1336 per
942 1251 1059 1315 vulnus
1083 1270 1218 1336 aquum;
1241 1253 1290 1316 sio
1313 1253 1399 1317 laete
1421 1252 1537 1316 relicto

593 1365 619 1403 ⁴⁰
649 1353 804 1418 virtutem
827 1374 909 1438 gens
932 1357 1002 1419 tota
1023 1353 1117 1420 bibit.
1162 1375 1295 1421 crevere
1318 1376 1508 1441 parumper:

650 1477 726 1519 mox
749 1477 894 1542 pugnam
917 1456 1033 1522 ludunt
1056 1458 1188 1533 iaculis;
1212 1458 1273 1524 hos
1297 1459 1444 1544 suggerit
1467 1458 1532 1522 illis

650 1560 759 1623 nutrix
782 1561 881 1646 plaga
904 1561 1010 1636 iocos;
1033 1562 1126 1648 pueri
1149 1562 1322 1626 venatibus
1345 1562 1412 1647 apti

650 1663 752 1726 lustra
774 1664 854 1727 feris
877 1672 1027 1745 vacuant,
1052 1670 1145 1751 rapto
1168 1664 1272 1730 ditata
1294 1667 1446 1730 iuventus

651 1767 721 1830 iura
744 1767 823 1831 colit
846 1767 957 1851 gladii,
982 1775 1304 1855 consummatamque
1328 1777 1495 1834 senectam

609 1884 619 1919 ὃ
653 1890 716 1933 non
740 1870 828 1935 ferro
852 1871 945 1936 linire
968 1870 1084 1959 pudet:
1109 1874 1167 1937 tali
1190 1873 1301 1939 ordine
1323 1875 1412 1938 vitae

651 1973 740 2037 cives
763 1972 879 2038 Martis
901 1981 1014 2060 agunt.
1060 1982 1094 2041 at
1117 1983 1153 2040 tu
1176 1978 1364 2042 circumflua
1386 1986 1487 2063 ponto

650 2076 803 2163 Europae
829 2085 926 2164 atque
949 2079 1052 2146 Asiae
1076 2081 1284 2146 commissam
1307 2082 1414 2168 carpis
1437 2082 1600 2166 utrimque

651 2181 862 2266 temperiem;
886 2204 961 2247 nam
985 2183 1152 2249 Bistonios
1175 2184 1351 2271 Aquilonis
1375 2185 1483 2250 hiatus

651 2288 800 2370 proxima
823 2286 1002 2353 Calchidici
1027 2289 1149 2354 sensim
1173 2290 1252 2354 tuba
1274 2296 1436 2377 temperat
1457 2289 1549 2354 Euri.

594 2404 604 2436 ³
651 2390 777 2455 intereo
800 2398 832 2456 te
857 2389 942 2455 Susa
966 2399 1111 2458 tremunt
1132 2416 1172 2459 ac
1194 2396 1344 2481 supplice
1367 2396 1458 2459 cultu

650 2493 753 2558 flectit
775 2494 1020 2560 Achaemenius
1045 2498 1193 2562 lunatum
1216 2497 1319 2563 Persa
1342 2499 1471 2562 tiaram.

650 2597 752 2663 Indus
777 2599 938 2665 odorifero
962 2601 1086 2666 crinem
1109 2602 1312 2668 madefactus
1335 2622 1463 2667 amomo

651 2704 682 2765 in
707 2707 764 2767 tua
786 2704 876 2768 lucra
898 2705 978 2770 feria
1002 2712 1151 2770 exarrnat
1173 2714 1286 2791 guttur
1308 2706 1458 2781 alumnis,

650 2814 686 2870 ut
709 2807 852 2893 pandum
875 2807 1040 2893 dependat
1063 2809 1159 2877 ebur:
1184 2811 1231 2874 sic
1253 2816 1370 2874 trunca
1391 2815 1536 2894 reportat

595 2925 618 2959 ³⁷·
651 2910 853 2996 Bosphoreis
878 2913 981 2978 clusas
1004 2914 1162 2999 inglorius
1187 2936 1244 2978 ora
1266 2914 1407 2978 tributis.

653 3015 793 3099 porrigis
817 3016 983 3101 ingentem
1008 3018 1164 3102 spatiosis
1187 3017 1359 3082 uroonibns
1383 3016 1506 3091 urbem,

652 3139 748 3202 quam
772 3125 883 3185 tamen
907 3129 1080 3206 angustam
1105 3123 1245 3208 populus
1268 3122 1362 3195 socit;
1384 3121 1449 3185 itur
1471 3119 1503 3183 in
1527 3138 1649 3203 aequor

651 3222 791 3287 molibus
816 3232 848 3289 et
871 3231 1002 3290 veteres
1026 3226 1124 3291 tellus
1147 3246 1233 3290 nova
1256 3224 1418 3290 contrahit
1440 3223 1553 3300 undas,

653 3347 792 3410 namque
816 3327 1042 3395 Diearehaeae
1066 3331 1244 3394 translatus
1267 3331 1374 3415 pulvis
1397 3328 1541 3392 harenae

595 3445 619 3475 ¹³¹·
654 3429 780 3494 intratis
804 3432 964 3496 solidatur
986 3434 1079 3518 aquis
1103 3433 1283 3519 durataque
1306 3453 1416 3497 massa

652 3534 793 3598 aristinet
815 3534 971 3600 advectos
995 3539 1169 3622 peregrino
1192 3538 1226 3602 in
1250 3538 1378 3623 gurgite
1399 3556 1541 3621 canopos.

653 3637 699 3699 sie
723 3643 754 3701 tc
779 3638 974 3725 dispositam
998 3647 1269 3725 spectantemque
1292 3640 1436 3725 undique
1459 3644 1582 3724 portus,

651 3740 805 3806 vallatam
828 3744 946 3829 pelago
970 3750 1129 3809 terrarum
1152 3743 1324 3809 commoda
1345 3743 1489 3827 cingunt.

698 3844 878 3911 Fortunata
901 3848 990 3925 satis,
1013 3847 1139 3913 Rornae
1163 3849 1284 3934 partita
1305 3845 1497 3932 triumphos,

602 3963 616 3972 ··
654 3954 687 4010 ot
710 3949 774 4012 iam
797 3971 860 4013 non
885 3934 1068 4034 querimur:
1092 3952 1199 4016 valeat
1222 3950 1340 4015 divisio
1363 3949 1467 4035 regni.

654 4052 855 4117 concordant
878 4055 982 4119 laucis
1006 4062 1132 4142 partes:
1156 4055 1233 4119 dum
1257 4053 1403 4141 pondera
1424 4059 1535 4118 nostra

653 4156 802 4241 suscipis,
827 4160 985 4243 aequasti.
1030 4160 1089 4224 tali
1111 4166 1147 4223 tu
1170 4159 1252 4224 civis
1275 4157 1316 4222 ab
1339 4158 1420 4223 urbe

652 4257 814 4345 Procopio
839 4262 988 4345 genitore
1013 4263 1130 4328 micas:
1155 4263 1206 4327 eui
1230 4260 1338 4347 prisca
1361 4281 1507 4346 propago

652 4361 813 4447 Augustis
837 4366 926 4429 venit
947 4387 968 4429 a
990 4367 1130 4452 proavis,
1154 4385 1251 4450 quem
1274 4363 1385 4429 dicore
1408 4362 1509 4448 digno

599 4482 623 4517 7·
656 4489 719 4531 non
743 4468 840 4533 datur
862 4470 1004 4554 eloquio,
1028 4491 1089 4535 nec
1114 4468 1260 4533 simodo
1284 4474 1398 4552 surgat
1419 4466 1551 4533 Averno

651 4573 706 4656 qui
730 4580 826 4636 cantu
850 4573 942 4637 flexit
967 4575 1121 4660 scopulos
1144 4572 1320 4657 digitisque
1345 4571 1472 4636 canoris

653 4675 809 4760 compulit
831 4676 954 4740 auritas
977 4676 1019 4740 ad
1041 4678 1202 4762 plectrum
1226 4695 1357 4740 currere
1382 4673 1491 4738 silvas.

652 4799 726 4842 cum
749 4784 876 4843 starent
897 4778 1003 4844 Hebri
1027 4780 1144 4845 latices
1167 4799 1329 4864 cursuque
1352 4779 1452 4863 ligato

653 4883 792 4946 fluminis
816 4883 946 4947 attoniti
971 4904 1102 4948 carmen
1127 4883 1231 4968 magis
1254 4881 1342 4947 unda
1364 4882 1479 4947 sitiret.

386 5144 421 5196 32
439 5162 469 5196 so
486 5145 525 5193 '1'ss
587 5145 681 5209 quirhd
696 5145 718 5194 0
816 5141 851 5192 33
869 5143 982 5209 imperiis
995 5142 1025 5191 M
1126 5141 1161 5193 34
1178 5160 1226 5193 σπι.
1240 5143 1272 5192 M
1371 5141 1405 5193 3ο
1424 5144 1473 5193 thr.
1492 5140 1569 5209 terra]
1588 5152 1626 5193 tra
1644 5142 1668 5192 Τ
1756 5143 1790 5193 fili
1807 5153 1899 5210 gualos
1911 5143 1943 5194 M

284 5229 317 5281 31
336 5232 444 5282 sandida
456 5230 529 5281 MP¹⁸
653 5228 687 5280 38
705 5246 859 5295 ‹qrraruquam
873 5229 904 5279 M
1023 5227 1057 5280 39
1075 5236 1149 5296 putat
1162 5227 1195 5278 M
1199 5227 1222 5290 ὓ,
1245 5238 1329 5296 portat
1343 5231 1365 5279 (1
1369 5230 1377 5259 ¹
1499 5226 1535 5279 40
1553 5230 1622 5280 tibet.
1637 5228 1669 5279 M
1749 5246 1905 5295 paurumper
1917 5229 1946 5279 F

284 5314 316 5367 41
342 5316 400 5368 illos
418 5317 450 5366 M
578 5315 613 5366 lu
637 5317 701 5366 l'erix
720 5316 763 5366 F*
895 5313 930 5366 44
954 5323 1183 5382 consummataque
1200 5316 1231 5366 M
1364 5312 1398 5367 43
1422 5324 1481 5367 actu
1500 5314 1553 5365 PT
1682 5311 1714 5365 41
1740 5323 1876 5381 utramque
1893 5314 1942 5364 M·

284 5401 320 5453 43
342 5404 495 5469 aquiloniae
515 5404 548 5453 0¹
677 5400 711 5452 43
734 5403 887 5454 olralchidici
908 5403 953 5453 ΟΡ
1079 5400 1114 5453 30
1135 5403 1221 5454 tremit
1239 5403 1288 5452 Ma
1414 5401 1445 5453 51
1469 5402 1640 5454 achamoni-s
1660 5403 1712 5463 0¹,·
1735 5402 1896 5453 auliimeuius
1913 5402 1946 5451 M

285 5490 393 5541 thiaram
409 5488 422 5540 l
440 5507 497 5540 rum
511 5490 549 5553 1¹;
567 5491 660 5540 tiorum
674 5488 706 5537 M
800 5488 834 5540 5⁶2
851 5489 976 5540 odorifero
990 5487 1015 5538 P
1074 5490 1248 5541 ruadasactus
1261 5488 1309 5538 11ιι
1405 5488 1440 5539 53
1457 5491 1522 5540 serat
1539 5488 1704 5540 exarrulsP⁸
1764 5505 1787 5539 o.
1801 5492 1834 5539 56
1851 5504 1899 5539 ool.
1912 5488 1945 5537 M

284 5573 319 5626 58
337 5575 431 5626 vetaris
443 5575 474 5624 M
478 5584 492 5611 ⁸
578 5572 613 5624 59
631 5575 776 5626 dicarthaoe
788 5573 820 5624 M
824 5573 848 5622 Τ
846 5574 874 5637 (1,
892 5575 1020 5626 dicarthee
1033 5572 1085 5624 FP
1169 5573 1200 5625 lil
1221 5576 1317 5641 campis
1331 5573 1380 5623 Ma
1467 5570 1502 5623 63
1519 5592 1552 5626 eu
1565 5575 1614 5625 iam
1626 5574 1680 5628 Lao
1766 5571 1802 5628 tt
1813 5575 1901 5629 laneas
1913 5573 1946 5626 M

287 5670 371 5713 vestra
385 5660 411 5710 Ρ
514 5678 538 5710 v.
557 5657 590 5710 dl
609 5661 653 5712 eui
672 5659 710 5727 tul
730 5661 818 5713 tulitus
836 5660 867 5710 M
967 5658 1000 5711 73
1018 5668 1116 5713 starent
1133 5661 1284 5728 thybritiees
1301 5678 1379 5713 cursu
1397 5661 1475 5728 legati
1493 5660 1524 5711 M
