4462 6216
928 352 1230 407 Heldo-um.

602 527 647 589 nil
670 525 732 590 sibi
755 525 908 601 deberet;
931 527 1061 592 comitis
1086 525 1144 592 sed
1167 526 1238 592 iure
1262 533 1395 614 recepto

533 643 572 680 ²⁰⁰
603 628 748 694 Danuvii
772 630 861 715 ripas
885 637 919 695 ct
942 637 1081 695 tractum
1105 630 1216 694 limitis
1240 631 1340 716 ampli

602 733 729 812 circuit,
754 733 911 815 bortatur,
934 734 1090 819 disponit,
1114 734 1257 815 discutit,
1281 742 1395 800 armat.

601 838 649 900 sic
674 837 735 901 sub
758 845 851 923 patre
875 838 954 902 Pius
978 838 1167 903 moderatus
1191 846 1300 903 castra
1320 840 1476 923 parentis,

603 942 650 1005 sic
674 941 805 1006 Marcus
830 943 961 1007 vivente
984 941 1054 1021 Pio,
1078 949 1153 1028 poet
1177 944 1248 1007 iura
1270 943 1388 1023 daturi,

534 1078 536 1082 ·
600 1045 893 1110 innumerabilibus
916 1045 1101 1130 legionibus
1124 1047 1369 1132 imperitabant.

532 1163 569 1197 ···›
601 1149 675 1212 hinc
697 1148 810 1214 reduci
833 1148 931 1213 datur
953 1150 1056 1214 omnis
1080 1150 1193 1229 honos,
1219 1156 1253 1214 et
1275 1150 1405 1235 utrique
1428 1151 1588 1235 magister

601 1252 737 1316 militiae
761 1253 942 1337 consulque
966 1254 1077 1334 micat,
1100 1253 1275 1318 coniuncta
1297 1260 1445 1339 potestas

600 1355 738 1440 patricii,
762 1356 926 1441 celerique
950 1357 1054 1441 gradu
1077 1357 1204 1442 privata
1227 1359 1370 1421 cucurrit

602 1461 743 1524 culmina
766 1461 1021 1548 conscenditque
1045 1483 1159 1528 senum
1183 1484 1267 1548 puer
1288 1463 1357 1548 ipse
1381 1462 1536 1533 curulem,

602 1563 686 1629 sedit
709 1571 742 1628 et
765 1567 901 1629 emerite
925 1565 1051 1630 iuvenis
1075 1573 1249 1631 veteranus
1272 1567 1304 1631 iu
1328 1586 1416 1630 auro.

532 1688 563 1719 '1
652 1669 788 1754 Iamque
811 1690 931 1755 parens
954 1669 1064 1734 divos:
1089 1652 1147 1735 seli
1173 1671 1264 1735 vobis
1286 1671 1378 1735 nulla
1401 1669 1518 1757 cupido

600 1773 746 1858 imperii;
769 1774 900 1859 longam
925 1774 1112 1839 diademata
1136 1795 1236 1860 passa
1258 1775 1422 1860 repulsam

600 1877 761 1963 insignem
785 1879 898 1964 legere
922 1880 1037 1958 virum,
1061 1900 1159 1964 quem
1182 1878 1300 1944 deinde
1322 1879 1491 1964 legentem

601 2004 758 2069 spernere
780 2005 844 2049 non
869 2007 996 2071 posses.
1041 1986 1103 2051 soli
1126 1986 1184 2050 tibi
1208 1986 1345 2050 contulit
1367 1985 1424 2050 uni

600 2087 661 2151 hoc
684 2089 831 2153 Fortuna
853 2090 965 2169 decus,
990 2110 1185 2175 quamquam
1208 2097 1241 2154 te
1264 2096 1418 2176 posceret
1440 2089 1530 2161 ordo.

532 2205 570 2243 2⁵
602 2196 638 2254 ut
660 2192 767 2256 lectus
789 2192 941 2279 princeps
965 2213 1060 2277 mage
1085 2213 1181 2277 quam
1205 2192 1338 2257 videare
1361 2193 1509 2258 relictus:

599 2300 674 2380 post
698 2316 847 2361 socerum
870 2303 1046 2381 augustum
1069 2317 1199 2381 regnas,
1224 2295 1281 2362 sed
1305 2317 1370 2361 nou
1393 2297 1453 2361 tibi
1476 2297 1566 2361 venit

601 2418 746 2484 purpura
768 2419 827 2483 per
849 2398 1011 2463 thalamos
1035 2405 1068 2463 et
1091 2400 1233 2463 coniunx
1256 2401 1349 2484 regia
1372 2421 1474 2486 regno

600 2503 671 2565 laus
694 2503 802 2587 potius
826 2522 922 2587 quam
947 2523 1047 2567 causa
1069 2502 1146 2578 fuit3
1169 2523 1245 2566 narn
1269 2504 1349 2567 iuris
1372 2503 1510 2569 habenis

600 2626 665 2669 non
688 2627 847 2690 gcnemm
870 2606 952 2691 legit
974 2627 1027 2671 res
1051 2606 1194 2692 publiea,
1218 2605 1276 2670 sed
1300 2627 1507 2692 generosum.

531 2729 549 2762 ι’·
600 2710 706 2789 fallor,
731 2710 781 2774 bis
805 2710 936 2795 gemino
960 2711 1021 2773 nisi
1045 2709 1177 2775 cardine
1203 2731 1271 2775 rem
1294 2711 1412 2796 probat
1435 2711 1537 2774 erbis:

599 2814 701 2878 ambit
724 2819 757 2876 te
780 2813 951 2899 Zephyrus
973 2818 1143 2893 rectorem,
1167 2813 1313 2877 destinat
1334 2812 1454 2884 Eurus,

601 2917 642 2981 ad
666 2917 804 2981 Boream
828 2938 955 3003 pugnas
980 2924 1014 2981 et
1035 2916 1223 2981 formidaris
1247 2917 1289 2982 ad
1312 2917 1482 2983 Austrum.

643 3021 733 3086 Ante
756 3027 867 3085 tamen
889 3041 986 3106 quam
1009 3027 1042 3084 te
1065 3020 1188 3084 socium
1212 3021 1340 3106 college
1361 3028 1498 3098 crearet,

599 3125 832 3210 perstrinxisse
856 3123 948 3199 libet,
972 3144 1054 3208 quos
1077 3124 1188 3209 illyris
1211 3145 1267 3188 ora
1288 3124 1471 3210 triumphos

531 3243 568 3277 ···‘·
602 3226 728 3307 viderit,
752 3227 898 3291 excisam
922 3246 1006 3311 quae
1031 3247 1067 3291 se
1083 3226 1270 3292 Valameris
1293 3228 1335 3292 ab
1360 3229 1459 3293 armis

598 3331 682 3395 forte
706 3330 797 3395 ducis
820 3331 924 3394 nostri
947 3330 1025 3394 vitio
1050 3330 1183 3395 deserta
1206 3331 1373 3416 gemebat.

599 3435 686 3500 haud
710 3435 817 3515 aliter,
840 3455 957 3499 caesus
982 3435 1145 3521 quondam
1170 3457 1244 3500 cum
1267 3435 1391 3522 Caepio
1414 3436 1513 3501 robur

599 3540 725 3605 dedidit
746 3539 941 3619 Ausonium,
966 3541 1077 3605 subite
1099 3548 1239 3625 cogente
1264 3542 1358 3606 ruina

601 3646 748 3711 electura
771 3644 888 3710 ducem
913 3651 987 3731 post
1010 3652 1144 3731 guttura
1167 3646 1271 3710 fracta
1294 3645 1474 3730 Iugurthae

599 3753 701 3815 ultum
725 3750 920 3836 Arpinatem
944 3749 1121 3834 Calpurnia
1142 3750 1279 3815 foedera
1302 3750 1403 3814 lixam

599 3856 751 3940 opposuit
775 3854 886 3918 rabido
910 3875 963 3919 res
986 3854 1119 3939 publica
1142 3854 1256 3918 territa
1279 3850 1425 3918 Cimbro.

599 3959 651 4023 hic
674 3961 814 4044 primum
837 3966 874 4022 ut
897 3965 1025 4023 vestras
1048 3959 1175 4043 aquilas
1198 3957 1367 4043 provincia
1390 3956 1483 4033 vidit,

598 4062 697 4128 desiit
719 4062 856 4127 hostiles
880 4062 1051 4127 confestim
1075 4062 1208 4126 horrere
1232 4061 1405 4125 dracones.

598 4167 688 4231 ilicet
711 4167 845 4232 edomiti
867 4168 954 4232 bello
976 4165 1164 4253 praedaque
1189 4171 1340 4231 carentes

528 4287 566 4324 2⁵
599 4293 676 4335 mox
699 4272 760 4358 ipsi
784 4277 840 4336 tua
863 4271 985 4359 praeda
1008 4271 1126 4335 iacent.
1172 4269 1230 4335 sed
1255 4269 1435 4333 omittimus
1458 4269 1537 4333 istos

597 4383 633 4439 ut
656 4376 882 4461 populatores:
906 4375 985 4439 belli
1008 4375 1113 4459 magis
1137 4381 1212 4438 acta
1235 4373 1378 4451 revolvo,

598 4479 683 4563 quod
708 4480 831 4543 bellum
855 4499 918 4542 non
941 4499 1043 4564 parva
1066 4499 1181 4542 manus
1205 4499 1266 4541 uec
1290 4497 1421 4541 carcere
1443 4476 1546 4540 fracto

598 4581 638 4645 ad
662 4582 880 4666 gladiaturam
902 4590 937 4646 tu
960 4581 1118 4667 Spartace
1143 4582 1261 4659 vincte,
1285 4581 1419 4666 parasti,

598 4685 654 4749 sed
679 4685 853 4770 Scythicae
877 4707 962 4770 vaga
984 4686 1081 4750 turba
1103 4685 1232 4771 plagae,
1256 4684 1396 4749 feritatis
1418 4681 1599 4757 abundans,

528 4808 558 4842 ι’·
599 4789 678 4869 dira,
703 4812 815 4876 rapax,
840 4790 1027 4867 vehemens,
1051 4791 1130 4875 ipsis
1154 4809 1281 4875 quoquc
1305 4787 1459 4872 gentibus
1482 4785 1548 4849 illio

598 4893 737 4956 barbara
759 4892 949 4969 barbaricis,
973 4894 1066 4957 euius
1090 4893 1157 4957 dux
1179 4891 1360 4967 Hormidac
1383 4898 1481 4975 atque

599 4996 678 5058 civis
706 5003 785 5061 erat.
831 4996 903 5081 quis
927 4997 993 5060 talc
1017 4997 1120 5061 solum
1144 5005 1196 5060 cst
1219 4997 1367 5080 murique
1390 5013 1571 5078 genusque.

647 5099 751 5164 Albus
775 5100 1002 5185 Hyperboreis
1026 5101 1145 5165 Tanais
1170 5122 1234 5185 qua
1256 5100 1396 5165 vallibus
1419 5106 1510 5163 actus

333 5322 381 5374 199
400 5325 540 5376 dederetP
608 5325 713 5375 comites
726 5323 754 5374 F
854 5322 906 5377 200
923 5325 1030 5376 danubii
1049 5324 1122 5375 codd.
1192 5325 1279 5392 rippas
1300 5352 1330 5360 ν
1348 5325 1462 5393 amplum
1480 5323 1505 5374 T
1612 5320 1661 5373 201
1680 5320 1798 5372 circumit
1816 5318 1885 5371 we

229 5406 280 5458 aas
299 5410 379 5460 honos
397 5410 436 5460 ed.
458 5410 576 5476 ereyora
593 5419 615 5458 rt
635 5412 795 5462 {bllcmbem
814 5411 895 5461 honor
913 5410 986 5461 codd.
1068 5420 1094 5462 et
1111 5411 1226 5476 utrisque
1239 5409 1275 5472 P‚·
1292 5428 1327 5460 aa
1345 5411 1500 5476 utriusque?
1621 5404 1672 5459 909
1691 5415 1829 5458 veteranus
1848 5407 1889 5458 C·

228 5492 277 5546 211
306 5497 429 5562 regnandi
457 5498 578 5563 leuguom
602 5498 625 5547 d.
650 5515 673 5563 p.
697 5514 715 5547 r.
741 5496 765 5546 Τ
898 5493 949 5545 219
976 5494 1041 5562 non]
1067 5497 1130 5547 Plan
1155 5497 1183 5547 F
1317 5494 1366 5549 231
1395 5499 1474 5564 cybro
1499 5498 1524 5548 Ρ
1657 5492 1710 5546 ⁸232
1736 5494 1847 5561 provilla
1865 5492 1892 5545 Ρ

227 5578 279 5631 ‘238
300 5583 491 5648 gladiutbumm
511 5584 539 5634 F
623 5585 754 5650 syrortlmec
776 5582 847 5634 (Ἠ)
934 5584 1021 5634 vineta
1041 5584 1069 5634 F
1190 5582 1242 5635 ‘239
1265 5581 1341 5652 ragel
1365 5601 1433 5635 nova
1455 5584 1480 5633 'I'
1601 5578 1653 5632 242
1668 5582 1735 5648 sort.
1756 5596 1891 5647 numenque

231 5668 299 5733 (item
319 5670 409 5734 Matr)
512 5668 563 5722 243
581 5671 626 5736 qui
645 5669 673 5720 F

1632 5786 1687 5842 28⁸
