4462 6216
948 334 1027 389 XXII
1045 353 1070 388 v.
1086 337 1135 390 lus
1154 364 1186 374 -
1204 353 1230 389 v.
1242 335 1301 389 235.

649 509 840 573 continuata
862 509 982 574 dehinc
1004 508 1118 574 videas
1142 530 1225 595 quac
1249 508 1395 573 eonditor
1418 532 1518 574 ausus

647 613 777 677 aemula
799 612 958 678 Palladiis
982 612 1127 678 textrina
1150 613 1290 679 educere
1315 614 1457 699 templis.

646 715 708 779 hac
731 717 811 781 celsi
834 716 998 802 quondam
1022 717 1165 782 coniunx
1188 715 1371 782 reverenda
1392 717 1523 795 Leonti,

589 836 615 873 ‘⁵
648 843 713 908 qua
736 842 801 886 non
822 822 892 887 ulla
914 822 1019 906 magis
1043 843 1144 886 nurus
1167 841 1322 907 umquam
1344 820 1463 885 Pontia
1485 821 1609 906 gaudet

648 925 786 990 illustris
809 947 868 1011 pro
892 933 981 991 sorte
1005 926 1076 1006 viri,
1100 925 1326 991 celebrabitur
1347 925 1430 989 aede

647 1031 701 1095 vel
726 1031 837 1116 Syrias
860 1050 1020 1096 vacuasse
1044 1031 1135 1095 colus
1160 1030 1213 1096 vel
1237 1030 1344 1095 serica
1367 1029 1424 1094 fila

648 1131 706 1221 per
729 1155 850 1199 cannas
875 1135 1012 1200 torsisse
1035 1135 1127 1200 leves
1149 1135 1202 1199 vel
1226 1134 1363 1198 stamine
1385 1133 1476 1197 fulvo

646 1240 859 1324 praegnantis
882 1238 948 1303 fusi
971 1239 1132 1303 mollitum
1154 1259 1252 1303 nesse
1276 1238 1458 1303 metallum.

577 1356 588 1393 ‘2
646 1342 824 1428 parietibus
847 1342 1019 1427 posthinc
1042 1342 1153 1407 rutilat
1175 1363 1260 1427 quae
1284 1340 1436 1406 machina
1459 1341 1577 1406 iunctis

646 1447 709 1510 fort
731 1447 944 1510 recutitorum
967 1443 1143 1531 primordia
1165 1444 1372 1511 Iudaeorum.

647 1556 841 1635 perpetuum
865 1550 993 1636 pictura
1016 1550 1129 1625 micat;
1152 1569 1213 1613 neo
1237 1555 1386 1634 tempore
1408 1548 1506 1634 longo

648 1652 832 1738 depretiata
855 1674 932 1718 suas
955 1660 1089 1738 turpant
1112 1654 1280 1739 pigmenta
1302 1652 1434 1737 figuras.

697 1756 858 1822 Flecteris
881 1758 922 1821 ad
945 1758 1086 1822 laevam:
1112 1764 1144 1822 te
1168 1757 1312 1844 porticus
1335 1755 1455 1842 accipit
1477 1758 1586 1841 ampla

578 1876 616 1912 ²³
649 1860 780 1925 directis
805 1866 939 1925 curvata
962 1861 1034 1941 viis,
1058 1859 1114 1925 ubi
1136 1859 1284 1944 margine
1309 1879 1434 1923 summo

609 1955 614 1965 ’
649 1963 771 2049 pendet
794 1970 827 2027 et
849 1963 963 2028 artatis
987 1970 1052 2028 stat
1076 1984 1179 2028 saxea
1202 1962 1285 2027 silva
1308 1962 1478 2027 columnis.

647 2067 714 2132 alta
737 2066 935 2132 volubilibus
958 2073 1049 2153 patet
1071 2067 1125 2131 hic
1151 2067 1281 2134 cenatio
1305 2067 1423 2141 valvis;

648 2172 753 2235 fusilis
777 2171 910 2256 euripus
934 2177 1083 2257 propter;
1107 2170 1194 2236 eadit
1216 2169 1304 2235 unda
1328 2192 1470 2257 superne

647 2282 723 2340 ante
747 2275 835 2340 fores
859 2274 1024 2360 pendente
1047 2276 1132 2355 lacu,
1156 2296 1337 2360 venamque
1361 2276 1466 2339 secuti

577 2393 616 2433 2¹⁰
648 2379 775 2443 undosa
796 2380 969 2444 inveniunt
993 2384 1109 2445 nantes
1134 2379 1290 2445 cenacula
1312 2379 1433 2464 pisces.

647 2484 826 2548 comminus
840 2484 988 2568 ,erigitur
1013 2484 1063 2548 vel
1088 2482 1193 2569 prima
1216 2482 1268 2546 vel
1292 2481 1553 2556 extimatorum

646 2607 717 2649 mos
741 2587 803 2650 erit
826 2587 877 2649 hic
901 2585 1041 2650 dominis
1064 2585 1237 2651 hibernum
1262 2586 1368 2667 sigma
1390 2586 1509 2651 locare.

647 2690 742 2753 huius
766 2688 940 2774 conspicuo
964 2689 1112 2755 residens
1136 2689 1169 2753 in
1193 2690 1334 2754 eulmine
1358 2710 1458 2775 saepe

648 2793 803 2858 dilectum
827 2793 948 2858 nostris
972 2793 1076 2858 Musis
1101 2794 1198 2858 simul
1222 2800 1320 2879 atque
1344 2795 1479 2880 capellis

578 2913 615 2949 2¹³
650 2898 806 2983 aspiciam
830 2902 989 2973 montem;
1012 2897 1096 2979 lauri
1120 2896 1285 2983 spatiabor
1308 2897 1341 2962 in
1365 2898 1437 2962 istis

648 3001 828 3082 frondibus,
851 3001 905 3065 hic
929 3001 1090 3088 trepidam
1107 3000 1239 3065 credam
1256 3001 1333 3065 mihi
1350 3001 1484 3068 credere
1500 3003 1675 3089 Daphnen.

648 3107 712 3170 iam
737 3105 764 3170 si
787 3106 870 3170 forte
894 3105 1015 3191 gradus
1042 3105 1205 3191 geminam
1234 3107 1398 3170 convertis
1421 3107 1462 3172 ad
1485 3107 1619 3189 Arcton,

648 3217 684 3273 ut
706 3210 819 3274 venias
844 3210 876 3273 in
900 3210 1021 3296 templa
1043 3209 1107 3287 dei,
1130 3209 1183 3295 qui
1207 3210 1368 3274 maximus
1392 3210 1448 3274 ille
1472 3218 1532 3291 est,

650 3310 775 3376 deliciis
799 3311 948 3376 redolent
969 3312 1087 3375 iunctis
1111 3311 1273 3397 apotheca
1295 3333 1480 3398 penusque;

582 3429 605 3467 ‘2²
652 3417 703 3480 hic
726 3417 847 3480 multus
872 3422 917 3496 tu,
940 3415 1052 3495 frater,
1077 3416 1152 3484 eris.
1197 3416 1261 3481 iam
1285 3415 1393 3481 divido
1417 3416 1539 3497 sedem,

650 3543 801 3585 cessurus
825 3520 903 3584 milri
925 3521 1015 3587 fonte
1039 3542 1124 3601 meo,
1147 3541 1244 3606 quem
1267 3528 1376 3585 monte
1400 3521 1557 3587 fluentem

648 3624 777 3688 umbrat
799 3624 993 3689 multicavus
1017 3624 1161 3710 spatioso
1186 3624 1300 3689 circite
1324 3624 1442 3689 fornix.

650 3749 713 3791 non
738 3734 814 3812 eget
837 3729 890 3791 hic
914 3728 1013 3806 cultu,
1037 3727 1129 3793 dedit
1152 3726 1227 3791 huie
1251 3736 1365 3794 natura
1388 3729 1551 3795 decorem.

650 3833 693 3894 nil
718 3832 827 3896 fictum
852 3833 1015 3917 placuisse
1039 3833 1157 3917 placet,
1182 3852 1246 3896 non
1269 3853 1391 3918 pompa
1413 3854 1473 3918 per
1495 3841 1598 3899 artem

582 3950 612 3986 ·-’·-'·
652 3937 727 4015 ulle,
753 3937 923 4001 resultanti
947 3956 1012 4000 non
1036 3942 1144 4001 comet
1165 3937 1304 4000 melleus
1328 3937 1395 4000 ictu

653 4063 743 4121 saxa,
768 4062 827 4105 nec
851 4062 988 4106 exesum
1013 4040 1214 4127 supplebunt
1237 4060 1396 4105 marmora
1418 4043 1529 4107 tofum.

654 4144 705 4207 hic
729 4145 802 4208 fons
827 4143 992 4209 Castaliae
1016 4144 1112 4208 nobis
1136 4143 1206 4208 vice
1231 4143 1494 4210 sufficitundae.

652 4253 763 4312 cetera
785 4247 876 4312 dives
899 4246 999 4319 habe;
1023 4247 1125 4311 collos
1147 4252 1205 4310 tua
1227 4246 1298 4310 iura
1320 4248 1525 4321 tremiscant3

652 4352 799 4436 captivos
824 4353 876 4415 hic
901 4352 992 4416 solve
1015 4358 1099 4429 tuos,
1123 4358 1158 4415 et
1180 4371 1240 4436 per
1263 4353 1340 4436 iuga
1362 4350 1464 4437 Burgi

583 4469 621 4506 ‘³³⁰
654 4457 742 4520 laeta
765 4457 933 4521 relaxatae
957 4456 1036 4521 fiant
1058 4456 1172 4521 vineta
1194 4454 1363 4522 catenae.''

699 4558 878 4625 Confirmat
902 4582 1013 4625 vocem
1036 4561 1167 4625 iamiam
1190 4580 1293 4647 prope
1317 4560 1445 4624 sobrius
1468 4561 1562 4624 istam

653 4664 793 4741 Silenus,
817 4664 1003 4749 pariterque
1027 4664 1118 4728 chori
1142 4663 1292 4728 cecinere
1315 4663 1478 4728 faventes:

653 4767 775 4852 “Nysa,
799 4770 873 4833 vale
896 4768 1038 4847 Bromio,
1062 4768 1198 4833 Phoebo
1222 4768 1368 4832 Parnase
1391 4767 1551 4832 bivertex.

652 4892 716 4934 non
740 4872 835 4935 istum
859 4870 984 4951 Naxus,
1008 4891 1072 4935 non
1096 4871 1195 4934 istum
1218 4869 1335 4934 Cirrha
1358 4869 1513 4954 requirat,

583 4991 620 5026 2³⁷·
654 4973 711 5037 sed
736 4995 830 5060 mage
855 4981 1015 5061 perpetuo
1039 4974 1170 5059 Burgus
1194 4972 1352 5058 placitura
1376 4972 1537 5057 petatur.’³

288 5109 433 5116 ——-..-..

391 5199 568 5251 rursusne
664 5198 713 5250 193
736 5201 860 5251 textrinae
883 5200 977 5251 ducere
991 5199 1042 5262 ΟΡ,
1066 5200 1176 5251 textrino
1193 5199 1287 5251 ducere
1299 5198 1327 5249 F
1424 5197 1473 5249 194
1490 5217 1521 5251 ac
1534 5200 1564 5264 Ι),
1589 5204 1654 5254 hane
1667 5203 1695 5253 F
1755 5202 1940 5255 venerandaC

284 5290 372 5341 leontii
391 5288 465 5338 codd.
582 5285 632 5338 199
650 5288 722 5338 mrlla
741 5287 769 5336 F
847 5288 938 5353 pronois
958 5289 980 5337 G
1096 5284 1144 5337 198
1162 5287 1252 5337 tersiae
1271 5285 1296 5335 P
1375 5288 1444 5338 levas
1468 5286 1507 5335 Ta
1621 5286 1675 5339 299
1692 5307 1767 5355 qnam
1786 5288 1818 5352 P,
1842 5306 1896 5355 qua
1917 5286 1942 5337 Τ

285 5372 337 5425 292
356 5384 471 5440 tempora
483 5349 522 5425 ⁸0ss
587 5375 682 5439 longno
700 5373 724 5422 Τ
817 5370 868 5423 ‘rur
886 5375 1008 5439 figmenta
1020 5372 1048 5423 F
1105 5374 1201 5439 figuras
1218 5374 1239 5424 it
1250 5372 1292 5422 Ρ*
1390 5371 1443 5424 204
1459 5374 1564 5424 laevum
1580 5373 1605 5422 Τ
1703 5372 1755 5427 208
1773 5376 1879 5426 curibus
1892 5376 1938 5437 0⁸,

285 5465 409 5528 eurippus
427 5461 455 5511 F
564 5459 739 5511 21211111οΡ
814 5477 902 5526 sycma
925 5460 953 5524 Τ,
976 5461 1066 5511 simma
1086 5459 1139 5523 UF,
1162 5477 1261 5526 symma
1279 5461 1304 5510 Ρ
1414 5457 1465 5509 218
1490 5460 1592 5524 daphne
1611 5460 1640 5511 F
1746 5459 1798 5511 218
1816 5458 1852 5524 in]
1870 5461 1940 5511 ..P

285 5549 329 5599 illo
347 5547 376 5598 F
476 5544 524 5596 221
545 5548 628 5597 fronte
645 5545 673 5596 F
772 5544 824 5596 222
842 5547 934 5597 umbra
946 5546 971 5595 P
1076 5544 1128 5595 226
1145 5545 1258 5612 cophum
1270 5546 1299 5597 F
1398 5543 1451 5595 228
1468 5545 1546 5596 habet
1558 5544 1593 5596 0¹
1700 5543 1753 5596 233
1771 5546 1871 5598 brumio
1889 5545 1942 5597 PF

286 5634 357 5685 febro
377 5633 405 5683 F
470 5650 591 5699 parnasso
611 5631 656 5682 ΟΡ
756 5630 808 5685 239
825 5633 857 5683 ed
877 5632 899 5684 0

392 5753 517 5804 Sinonrus.
1699 5750 1734 5805 32
