4462 6216
717 363 828 427 LIBER
846 366 881 437 II,
906 364 1022 426 XXXIV
1040 370 1057 440 ξ
1076 366 1159 425 11-
1178 363 1322 426 XXXVIII
1339 366 1356 436 δ
1373 366 1398 424 1.

976 662 1134 730 XXXVI.

417 816 595 884 DOMINO
619 817 792 884 SANOTO
816 817 873 882 ET
896 816 1180 884 APOSTOLIOO
1204 816 1400 892 MIHIQUII
1424 819 1472 883 IN
1496 817 1689 884 OHRISTO

315 922 492 987 DOMINO
517 921 814 989 SPEOIALITRR
835 920 1111 988 EXOOLENDO
1134 920 1301 986 FRATRI
1325 920 1553 987 CAESARIO
1576 922 1795 988 EPISOOPO

809 1023 1026 1090 RURIOIUS
1050 1024 1305 1092 EPISOOPUS.

193 1178 205 1215 ⁵
344 1141 417 1251 Qu
440 1174 629 1239 occasiones
653 1172 816 1239 scribendi
838 1174 933 1239 nobis
955 1174 1095 1240 invicem
1117 1195 1175 1260 pro
1205 1180 1317 1238 mutua
1345 1174 1480 1240 caritate
1510 1175 1716 1260 inquirimus,
1749 1175 1877 1240 oblatas
1911 1178 1923 1236 l

233 1276 493 1361 praetermittere
517 1298 581 1341 non
606 1277 779 1354 debemus,
807 1284 844 1342 ut
866 1278 1012 1343 conferat
1034 1277 1126 1342 nobis
1151 1277 1312 1363 quandam
1336 1280 1544 1362 praesentiae
1567 1281 1747 1366 portionem
1772 1300 1877 1343 sermo

232 1379 399 1459 mediator,
434 1381 488 1465 qui
527 1382 685 1446 emittitur
718 1402 779 1446 nec
814 1382 984 1462 amittitur,
1023 1381 1175 1446 tribuitur
1207 1387 1240 1445 et
1274 1381 1423 1463 habetur,
1457 1382 1586 1448 videtur
1618 1382 1785 1447 discedere
1817 1403 1877 1446 nec

232 1482 364 1565 recedit,
389 1504 476 1547 amc
492 1483 654 1569 dirigitur,
677 1491 745 1549 ate
762 1485 948 1570 suscipitur,
972 1506 1059 1551 ame
1076 1485 1239 1567 scribitur,
1262 1506 1282 1549 a
1303 1490 1336 1550 te
1359 1486 1478 1570 legitur
1499 1507 1559 1550 nec
1582 1493 1690 1551 tamen
1713 1485 1875 1562 dividitur,

233 1609 305 1650 cum
334 1589 426 1674 quasi
461 1588 585 1653 divisus
613 1580 741 1673 integer
770 1595 881 1653 tamen
912 1589 1079 1675 utriusque
1110 1589 1207 1653 corde
1235 1595 1396 1670 teneatur,
1433 1590 1508 1675 quia
1535 1590 1625 1654 verbi
1655 1611 1746 1655 more
1778 1588 1877 1652 divini

183 1705 208 1742 ¹⁰
235 1691 373 1756 traditur
395 1697 427 1754 ct
448 1713 512 1756 non
535 1691 710 1777 egreditur,
734 1692 897 1758 confertur
919 1692 1078 1776 indigenti
1101 1698 1135 1757 et
1149 1713 1213 1756 non
1228 1692 1375 1758 aufertur
1389 1694 1524 1774 auctori,
1548 1692 1735 1779 accipientis
1751 1693 1877 1755 lucrum

233 1795 303 1858 sine
327 1793 497 1881 dispendio
519 1795 698 1880 largientis,
722 1796 829 1860 ditans
851 1796 983 1882 inopem
1006 1817 1067 1860 neo
1089 1801 1263 1861 attenuans
1280 1816 1515 1882 possessorem.
1553 1796 1700 1881 ideoque,
1723 1796 1876 1859 veniente
1908 1796 1928 1856 1

234 1898 289 1962 illo
312 1897 501 1962 dulcissimo
524 1919 597 1963 meo
627 1905 746 1985 nepote
770 1898 963 1980 Parthenio,
994 1898 1054 1964 has
1076 1920 1135 1986 per
1156 1900 1265 1986 ipsum
1287 1899 1366 1965 dare
1395 1921 1460 1965 non
1490 1900 1616 1978 distuli,
1647 1905 1684 1963 ut
1710 1905 1743 1963 et
1769 1920 1875 1963 meam

232 2003 324 2067 vobis
352 2003 571 2087 praesentiam
602 2004 717 2068 litteris
746 2003 936 2069 exhiberem
969 2009 1002 2069 et
1033 2004 1141 2090 ipsum
1172 2004 1293 2091 pariter
1327 2002 1601 2077 commendarem
1638 2003 1691 2066 cui
1726 2001 1876 2087 quicquid

232 2104 357 2190 dignati
379 2107 506 2171 fueritis
529 2106 713 2171 dilectionis
736 2107 934 2194 impendere,
957 2108 1050 2173 nobis
1073 2130 1131 2174 vos
1152 2115 1363 2195 praesentare
1385 2108 1550 2173 noveritis.
1594 2107 1755 2192 simulque
1778 2107 1877 2170 etiam
1910 2109 1928 2170 3

181 2224 204 2262 1⁵
232 2210 429 2295 peculiarius
445 2232 535 2296 rogo,
559 2217 596 2275 ut
610 2233 670 2297 pro
686 2232 738 2275 me
755 2212 900 2299 ipsisque
918 2214 1107 2299 pignoribus
1123 2213 1244 2277 nostris
1261 2214 1463 2278 incessanter
1478 2211 1589 2276 oretis.
1624 2231 1685 2274 nee
1698 2209 1877 2296 impediant

232 2314 364 2377 affectui
387 2337 532 2379 amorum
556 2322 739 2380 nostrorum
760 2317 869 2402 spatia
884 2317 1056 2381 interiecta
1071 2317 1253 2400 regionum,
1276 2319 1353 2403 quia
1369 2316 1423 2402 qui
1440 2316 1472 2379 in
1488 2315 1628 2395 domino,
1650 2313 1705 2399 qui
1720 2333 1877 2399 praesens

233 2422 282 2480 est
304 2417 439 2501 ubique,
473 2440 509 2483 se
532 2417 684 2502 diligunt,
715 2439 778 2483 non
801 2418 955 2484 credendi
980 2424 1056 2484 sunt
1078 2418 1232 2505 disparati
1257 2441 1407 2505 corpore,
1439 2438 1510 2482 curn
1542 2416 1613 2503 pari
1640 2418 1671 2480 in
1700 2438 1738 2480 eo
1768 2423 1878 2482 mente

230 2521 417 2604 iungantur.
461 2542 517 2587 ora
539 2543 596 2607 pro
619 2542 682 2585 me.
1213 2528 1221 2539 ’

964 2726 1141 2794 XXXVII.

179 2895 204 2933 ²⁰
376 2881 590 2946 RURIOIUS
614 2880 861 2947 EPISOOPUS
884 2880 1173 2949 DULOISSIMIS
1196 2882 1450 2948 NEPOTIBUS
1473 2881 1740 2947 PARTHuNIO

852 2985 909 3050 ΕΤ
933 2984 1251 3052 PAPIANILLAR.

333 3103 374 3193 P
367 3151 506 3204 osrounu
529 3132 633 3216 pietas
658 3138 766 3197 vestra
788 3132 957 3214 discessit,
988 3132 1155 3198 dimidium
1179 3154 1253 3199 esse
1275 3154 1328 3197 me
1350 3133 1472 3213 sentio,
1505 3133 1581 3218 quia
1608 3130 1783 3195 maximam
1812 3130 1876 3194 mei
1911 3134 1923 3192 l

231 3240 365 3319 partem,
389 3236 451 3299 hoc
475 3240 527 3299 est
549 3235 737 3300 interiorem
760 3236 933 3317 hominem,
958 3236 1123 3301 residente
1146 3258 1295 3324 corpore,
1318 3237 1487 3302 vobiscum
1503 3237 1689 3301 ambulasse
1705 3254 1876 3319 cognosco,

231 3337 277 3401 ita
301 3346 409 3402 tamen
433 3337 520 3423 quod
543 3344 576 3401 et
598 3359 657 3403 vos
680 3339 712 3402 in
735 3346 870 3425 pectore
892 3361 980 3420 meo,
1004 3340 1091 3426 quod
1113 3341 1167 3406 hio
1189 3342 1362 3422 remansit,
1392 3361 1524 3404 manere
1549 3339 1723 3425 conspicio.
1769 3338 1875 3401 saluto
1909 3340 1929 3400 1
1964 3323 1968 3330 ’

178 3453 203 3492 ²⁵
230 3442 339 3528 itaque
370 3442 571 3507 dulcedinem
595 3449 738 3506 vestram
769 3449 816 3523 et,
845 3451 882 3508 ut
909 3444 1082 3510 verborum
1111 3466 1256 3510 meorum
1285 3464 1447 3509 memores
1480 3442 1567 3521 sitis,
1597 3442 1771 3520 admoneo,
1802 3440 1878 3526 quia

231 3551 355 3610 certum
379 3552 439 3626 est,
462 3567 520 3610 vos
542 3547 633 3611 iuxta
650 3545 832 3611 Salomonis
855 3550 1050 3614 sententiam
1073 3571 1171 3636 posse
1195 3551 1227 3613 in
1251 3549 1354 3628 bonis,
1378 3547 1440 3612 deo
1463 3547 1635 3632 dirigente,
1658 3546 1826 3633 prolicere,
1849 3545 1877 3608 si

231 3651 396 3713 seniorum
420 3649 557 3713 consilia
579 3656 613 3714 et
635 3652 736 3714 emori
758 3651 942 3717 habeantur
964 3659 998 3717 et
1020 3654 1104 3718 usui.
1151 3659 1228 3739 opto
1250 3653 1337 3716 bene
1361 3651 1476 3735 agatis.

956 3962 1151 4027 XXXVIII.

502 4112 719 4179 RURIOIUS
743 4114 990 4182 EPISOOPUS
1013 4116 1183 4182 FRATRI
1205 4116 1353 4182 PETRO
1376 4116 1606 4184 RPISOOPO.

179 4268 204 4305 ³⁰
343 4228 436 4338 Qum
460 4263 670 4328 oboedientia
693 4264 861 4329 sacrificiis
884 4265 1074 4346 antefertur,
1105 4264 1225 4329 idoIreo
1255 4265 1471 4329 rusticitatem
1499 4285 1605 4328 meam
1629 4263 1714 4326 malo
1737 4261 1876 4346 prodere
1911 4269 1922 4326 1

231 4386 325 4449 quam
351 4364 487 4451 perdere
517 4368 700 4431 caritatem:
734 4368 921 4432 scientia
949 4370 1055 4433 enim
1088 4368 1229 4450 inflat,
1258 4369 1434 4448 caritas,
1466 4373 1502 4431 ut
1529 4367 1592 4452 ipsi
1619 4366 1734 4430 melius
1765 4368 1875 4446 nostis,

231 4469 345 4534 aedil
352 4471 448 4535 icat.
492 4491 588 4555 quam
612 4471 654 4535 ob
678 4494 761 4551 rem,
790 4473 866 4557 quia
887 4474 1042 4555 iussistis,
1070 4479 1106 4536 ut
1129 4494 1186 4537 vos
1210 4473 1437 4558 persingulas
1461 4470 1649 4535 occasiones
1674 4468 1770 4533 etde
1793 4470 1875 4533 meis
1908 4471 1927 4531 1

232 4573 358 4636 actibus
388 4572 530 4638 iacerem
560 4575 715 4639 certiores
747 4582 780 4640 et
810 4574 1006 4640 desiderium
1035 4582 1195 4658 vestrum,
1231 4575 1316 4661 quod
1350 4575 1428 4639 mihi
1461 4595 1526 4638 non
1559 4592 1632 4636 meo
1666 4573 1783 4636 merito
1818 4570 1876 4636 sed

231 4678 375 4761 generali
414 4684 447 4741 ct
483 4677 582 4741 insita
614 4678 707 4742 vobis
745 4679 920 4744 dilectione
962 4678 1167 4765 dependitis,
1208 4679 1350 4765 alloquio
1383 4685 1619 4761 temperarem,
1659 4697 1711 4739 me
1746 4675 1876 4761 quidem

231 4826 324 4833 ...-
550 4830 640 4835 —.

334 4916 366 4968 11
387 4917 465 4971 Prov.
485 4919 545 4984 llll,
565 4920 606 4974 15.
693 4919 726 4972 31
746 4918 970 4981 1.cor,vl11,1.

335 5074 414 5142 bqui
429 5104 459 5110 —-
475 5075 506 5127 11
520 5074 697 5143 possessorem]
716 5094 773 5128 cum
790 5078 900 5144 epistula
914 5077 985 5142 Ita
1004 5078 1041 5129 ad
1057 5079 1160 5131 cabum
1171 5079 1233 5145 sere
1251 5077 1401 5129 concreaiant
1470 5072 1647 5126 ascalonico
1750 5069 1876 5125 tmana-

229 5160 280 5228 tor]
301 5162 419 5213 Classicius
437 5164 510 5226 corti,
528 5165 660 5217 meditator
681 5166 712 5229 θ,
734 5166 870 5216 meditatur
887 5182 969 5231 aspra
989 5165 1063 5229 Ito
1148 5166 1295 5217 discendere
1317 5164 1347 5227 θ,
1368 5170 1396 5212 nt
1413 5179 1495 5227 aspra
1513 5160 1587 5222 11,a
1706 5158 1834 5225 ilintegri
1855 5159 1878 5210 G

231 5247 263 5299 11
276 5249 374 5299 dictans
387 5250 417 5312 G,
434 5257 462 5298 ut
474 5250 629 5315 mipraILd
716 5246 1151 5319 12perthenioltcripsi,cs.0rcq.
1166 5248 1478 5312 tnr.tat.ri.111,3e,
1495 5246 1673 5315 parthemioO
1760 5244 1793 5296 13
1810 5262 1876 5296 com·

231 5336 387 5387 mandaret}
505 5333 537 5387 14
555 5346 699 5404 presentare
715 5338 746 5402 G,
768 5345 894 5404 praestare
913 5339 978 5388 coni.
991 5338 1140 5404 Ia't'tjohurm
1256 5336 1289 5387 lb
1307 5334 1505 5387 incensanterO
1626 5331 1659 5383 16
1676 5349 1791 5397 qmorum
1809 5348 1877 5382 cerr.

229 5438 344 5472 amorum
366 5423 403 5472 0¹
527 5421 559 5474 17
577 5421 708 5490 disparati]
732 5425 766 5491 cf.
785 5442 866 5490 srcpra
878 5442 908 5489 p.
921 5427 977 5483 312,
995 5425 1012 5474 l.
1025 5427 1057 5475 25
1142 5421 1211 5490 cum]
1231 5420 1511 5490 ull(ct‘1arqopl.(1l¹)
1533 5421 1556 5471 G
1636 5416 1701 5486 pari]
1719 5418 1878 5484 laltjobann,

230 5511 290 5574 p&
311 5511 341 5572 a,
366 5511 459 5576 pariter
478 5509 596 5559 (launna
725 5508 761 5561 10
783 5511 924 5576 parthemio
945 5511 968 5562 G
1096 5507 1131 5560 11
1152 5506 1295 5576 dimidium]
1317 5509 1348 5571 G,
1372 5507 1469 5557 scribac
1486 5507 1619 5557 diuisum?
1640 5514 1668 5554 at
1685 5521 1766 5570 napea
1778 5522 1807 5570 p.
1824 5508 1879 5567 311,

230 5597 248 5646 l.
262 5600 284 5647 9.
302 5600 358 5659 318,
377 5598 393 5645 l.
406 5600 440 5646 37
541 5594 575 5645 13
593 5611 718 5660 cognosce
736 5614 803 5645 corr.
821 5613 949 5663 cognosco
964 5596 1000 5648 0¹
1105 5594 1140 5646 14
1157 5593 1288 5661 remansit]
1308 5612 1355 5646 uos
1371 5593 1498 5659 repetiti}
1600 5589 1634 5643 33
1648 5587 1714 5656 meo]
1733 5607 1825 5640 acerra
1838 5589 1877 5641 0¹

229 5678 264 5732 34
287 5683 382 5747 alloqui
404 5682 427 5731 0
496 5682 599 5748 quidem
615 5698 691 5731 cerea
708 5690 813 5732 sanante
832 5683 856 5732 G
865 5695 873 5732 .'
890 5683 938 5733 deo
956 5683 1039 5748 mppl.
1061 5682 1181 5732 Canities

1611 5793 1669 5850 43*
