4462 6216
931 334 1068 392 SIDONII
1086 333 1283 391 clamatu

707 512 925 577 transfumant
947 510 1078 576 tabulas
1101 516 1135 574 et
1157 516 1234 575 ante
1256 528 1386 574 aureum

705 636 840 701 campus
862 615 995 680 fletibus
1018 620 1196 700 occupatur
1218 613 1349 678 absens.

651 734 656 744 '
707 720 889 805 impellunt,
917 717 1092 805 trepidant,
1119 718 1261 799 trahunt,
1289 723 1483 803 repugnant,

705 821 889 899 ardescunt,
914 822 1044 901 saliunt,
1066 821 1194 895 timent,
1217 821 1383 901 timentur,

704 947 764 990 neo
787 947 936 1011 gressum
960 925 1123 1006 cohibent,
1147 924 1206 990 sed
1229 926 1375 1011 inquieto

707 1028 857 1094 duratum
879 1029 965 1116 pede
988 1029 1134 1116 stipitem
1157 1029 1336 1115 flagellant.

705 1134 836 1199 tandem
865 1154 1030 1199 murmure
1058 1133 1197 1199 bucinae
1225 1134 1402 1220 strepentis

636 1250 640 1263 '
706 1259 883 1324 suspensas
906 1237 1039 1303 tubicen
1062 1257 1182 1303 vocans
1206 1237 1383 1323 quadrigas

705 1341 842 1408 effundit
864 1342 991 1407 celeres
1015 1342 1048 1405 in
1070 1362 1149 1407 arva
1171 1363 1300 1417 currum

705 1468 771 1511 non
794 1446 839 1510 sio
863 1445 1009 1511 fulminis
1033 1446 1175 1531 impetus
1197 1445 1334 1526 trisulci,

705 1571 769 1615 non
793 1551 890 1635 pulsa
913 1549 1069 1636 Scythico
1093 1550 1214 1635 sagitta
1236 1570 1348 1629 nervo,

704 1674 769 1718 non
792 1654 902 1719 sulous
926 1652 1038 1739 rapide
1062 1652 1210 1718 cadentis
1233 1655 1322 1733 astri,

662 1795 667 1807 ·
704 1778 769 1822 non
792 1756 902 1822 fundis
926 1755 1121 1822 Balearibus
1143 1763 1252 1821 rotata

705 1882 860 1946 umquam
883 1861 931 1925 sie
954 1860 1096 1947 liquidos
1120 1861 1186 1947 poli
1209 1868 1337 1926 meatus

705 1965 793 2050 rupit
815 1965 971 2050 plumbea
993 1964 1159 2050 glandium
1184 1966 1338 2051 proeella.

705 2066 794 2132 eedit
817 2073 906 2132 terra
928 2067 1008 2132 rotis
1032 2075 1066 2133 et
1089 2068 1269 2133 orbitarum

705 2177 792 2235 moto
817 2172 952 2257 pulvere
976 2170 1164 2236 sordidatur
1185 2192 1258 2238 aer:

705 2274 829 2339 instant
851 2274 1043 2340 verberibus
1065 2275 1161 2340 simul
1185 2282 1350 2360 regentes,

706 2381 836 2465 iamque
860 2386 893 2445 et
914 2386 1050 2465 pectora
1072 2399 1175 2466 prona
1196 2378 1237 2444 de
1261 2380 1399 2444 covinno

706 2483 837 2549 extensi
860 2485 1031 2571 rapiuntur
1052 2489 1086 2548 et
1109 2484 1237 2569 iugales

705 2594 794 2652 trans
818 2608 925 2652 armos
948 2587 1071 2652 feriunt
1093 2593 1231 2652 vacante
1254 2593 1357 2671 tergo,

705 2712 765 2756 neo
789 2711 905 2755 cernas
928 2691 993 2755 oito
1017 2711 1155 2756 cernuos
1178 2689 1352 2775 magistros

635 2810 659 2847 ὁ)
706 2802 856 2859 temones
880 2814 976 2879 mage
1000 2795 1160 2859 sufferant
1182 2815 1224 2859 an
1248 2815 1339 2859 axos.

703 2901 768 2964 iam
792 2921 851 2963 vos
874 2921 916 2964 ex
940 2900 1043 2964 oeulis
1067 2901 1158 2965 velut
1180 2902 1331 2967 volantes

704 3010 897 3091 consumpto
920 3004 1026 3090 spatio
1048 3005 1233 3090 patentiore

704 3127 837 3193 campus
865 3108 1029 3173 clauserat
1056 3114 1146 3172 artus
1175 3114 1245 3173 arte
1274 3108 1392 3186 faetus,

703 3233 763 3297 per
790 3234 886 3298 quem
915 3212 1057 3297 longam,
1085 3212 1242 3277 humilem
1271 3211 1470 3298 duplamque
1500 3234 1592 3276 muro

634 3348 659 3369 ·›
704 3314 846 3402 Euripus
871 3316 932 3380 eibi
956 3315 1139 3380 machinam
1162 3314 1312 3382 tetendit.

703 3425 739 3483 ut
761 3425 849 3483 meta
870 3418 1006 3483 ulterior
1028 3419 1154 3484 remisit
1177 3440 1301 3498 omnes,

703 3523 739 3587 fit
762 3523 891 3607 collega
913 3527 987 3586 tuus
1011 3522 1100 3607 prior
1123 3523 1262 3602 duobus,

703 3627 758 3711 qui
780 3633 814 3691 te
838 3625 1054 3701 transierant3
1078 3626 1123 3690 ita
1146 3627 1216 3712 ipse
1240 3633 1372 3711 quartus

703 3730 774 3815 gyri
799 3728 987 3794 condicione
1010 3736 1079 3794 tum
1101 3729 1203 3794 fuisti.

646 3849 664 3883 ⁸³·
704 3853 803 3898 aurae
827 3840 878 3897 est
902 3832 934 3897 id
958 3831 1084 3914 mediis,
1109 3833 1222 3899 utillo
1245 3834 1368 3919 primus

702 3957 836 4022 pressus
860 3935 1048 4002 dexteriora
1073 3937 1248 4001 concitatu.

702 4046 830 4127 partem
852 4041 880 4105 si
901 4040 1097 4127 patefecerit
1120 4040 1286 4106 sinistram

703 4150 786 4208 totas
810 4143 851 4208 ad
874 4142 1006 4230 podium
1031 4143 1142 4209 ferens
1167 4144 1326 4221 habenas,

702 4269 798 4313 eurru
820 4253 1047 4333 praetereatur
1067 4248 1156 4314 intus
1180 4256 1265 4313 aeto.

703 4359 738 4417 tu
762 4352 933 4417 conamine
957 4350 1142 4438 duplicatus
1165 4354 1237 4440 ipso

703 4456 833 4541 stringis
856 4454 1069 4542 quadriiugos
1093 4463 1127 4521 et
1149 4463 1220 4522 arte
1244 4479 1371 4523 summa

701 4562 734 4626 in
757 4582 873 4646 gyrum
895 4560 981 4626 bene
1006 4560 1181 4647 septimum
1205 4582 1373 4637 reservas:

701 4664 867 4730 instabant
888 4664 945 4730 alii
967 4685 1066 4729 manu
1087 4670 1187 4751 atque
1210 4686 1303 4746 voce,

701 4769 822 4855 passim
846 4775 880 4833 et
903 4767 1050 4833 deciduis
1073 4770 1106 4834 in
1129 4790 1209 4834 arva
1232 4770 1335 4856 guttis

632 4888 669 4926 ³⁷⁵
705 4880 868 4938 raetorum
892 4872 1124 4959 alipedumque
1148 4872 1249 4939 sudor
1271 4874 1347 4940 ibat.

701 4997 818 5041 rauous
842 4975 941 5040 eorda
963 4975 1041 5040 ferit
1063 4976 1174 5061 fragor
1195 4977 1363 5042 faventum

701 5087 799 5166 atque
822 5079 904 5165 ipsis
928 5079 1054 5165 pariter
1076 5080 1156 5144 viris
1180 5082 1337 5168 equisque

287 5220 451 5230 ’.α-...-
466 5218 526 5225 ..ι-
549 5215 697 5224 -ι--ι

386 5309 439 5361 3²ss
457 5310 545 5361 tabula
562 5309 588 5359 P
693 5302 745 5357 338
763 5304 853 5372 pedem
871 5303 900 5354 F
1005 5301 1056 5355 339
1075 5314 1217 5372 strepentes
1240 5307 1265 5356 Τ
1364 5306 1416 5359 34⁶2
1433 5311 1547 5362 trssuloi
1567 5314 1590 5364 0
1596 5313 1604 5343 ¹
1709 5312 1761 5366 343
1777 5317 1898 5367 soithioos
1916 5316 1943 5369 P

282 5397 490 5453 attentandis
509 5396 532 5447 0
643 5390 695 5445 346
716 5407 858 5457 numquam
875 5389 905 5441 F
1015 5386 1067 5442 347
1091 5391 1206 5458 gladium
1225 5392 1253 5443 F
1364 5394 1416 5447 350
1436 5397 1514 5448 semel
1533 5397 1562 5447 F
1672 5398 1722 5451 351
1745 5403 1874 5453 corrvinno
1893 5402 1943 5455 oF

282 5486 336 5539 355
357 5484 524 5550 magalfarant
536 5481 586 5544 1'·‚
609 5497 686 5547 mgge
703 5480 827 5531 sufferunt
843 5475 921 5527 seu
1019 5474 1070 5528 357
1088 5479 1184 5545 spatior
1195 5479 1240 5530 1ιἰι
1345 5480 1397 5533 359
1414 5484 1537 5550 longuram
1548 5485 1600 5535 PT
1667 5487 1757 5538 humili
1776 5487 1940 5540 ll'itamomr'tz

282 5572 333 5626 361
361 5570 459 5623 rornislt
476 5570 566 5635 eutym-
591 5567 676 5620 emisit
696 5566 772 5619 codd,
915 5560 967 5615 364
993 5564 1165 5617 oorrdltionem
1184 5566 1220 5617 0ι
1326 5577 1388 5621 tune
1411 5569 1439 5633 Τ,
1465 5578 1539 5622 tuum
1559 5571 1588 5622 F
1726 5570 1778 5623 365
1807 5574 1897 5626 medus
1919 5576 1944 5627 T

283 5658 335 5713 366
351 5660 485 5711 dexterata
497 5654 539 5706 P⁸
625 5652 676 5705 367
693 5662 765 5721 purte
783 5653 871 5704 feeerit
883 5650 909 5701 P
991 5647 1041 5701 371
1060 5651 1225 5721 quadriiugos
1243 5654 1279 5705 sic
1291 5654 1320 5706 1¹¹
1406 5652 1457 5709 375
1475 5658 1610 5710 lectorum
1625 5660 1648 5711 G
1736 5654 1787 5710 3?ss
1805 5661 1877 5711 lirvor
1894 5660 1941 5715 ΤΟ
