4462 6216
793 342 900 397 marm
917 343 965 401 ιν.
985 346 1015 397 11
1029 345 1045 409 s
1057 346 1071 397 r
1084 374 1117 383 -
1132 344 1228 409 nea
1790 350 1832 412 65

183 512 365 578 rescribite.
410 512 532 578 tamdiu
556 513 642 579 enim
658 517 894 600 aequanimiter
909 516 1055 593 admitto,
1079 525 1115 582 ut
1131 518 1294 584 desiderio
1309 540 1383 582 meo
1400 519 1532 583 sinister
1547 526 1684 606 epentus
1700 520 1832 595 officiat,

184 614 289 679 donec
323 615 364 679 ad
393 637 450 679 vos
484 624 594 681 nostro
625 640 774 683 sermone
800 622 969 704 perveniat
997 621 1037 685 ad
1067 642 1126 685 nos
1153 633 1296 685 vestrum
1332 643 1396 685 non
1423 623 1611 706 pervenisse
1640 643 1833 687 sermonem.

185 718 305 785 valete.

964 926 1062 992 XIII.

633 1062 846 1128 SIDONIUS
871 1064 1037 1128 VECTIO
1061 1064 1148 1128 SUO
1172 1063 1393 1128 SALUTEM.

148 1227 160 1262 ³
295 1176 419 1273 Neres
448 1216 563 1293 rogatu
593 1209 780 1274 Germanici
809 1209 998 1295 spectabilis
1029 1210 1087 1273 viri
1119 1209 1353 1273 Cantillensem
1384 1209 1557 1273 ecclesiam
1595 1210 1733 1294 inspexi.
1785 1214 1836 1273 est
1870 1214 1882 1272 l

188 1314 259 1397 ipse
283 1313 352 1376 leco
375 1313 508 1375 sitorum
531 1312 627 1375 facile
655 1312 777 1396 primus
804 1312 923 1398 quique
954 1318 1027 1398 post
1057 1320 1183 1397 tergum
1212 1333 1285 1376 curn
1314 1313 1377 1375 iam
1408 1311 1579 1376 duodecim
1602 1313 1706 1377 lustra
1728 1320 1833 1376 trans·

187 1415 305 1489 mittat,
328 1414 446 1479 cotidie
470 1422 580 1479 tamen
603 1414 717 1478 habitu
740 1417 894 1500 cultuque
917 1416 1089 1502 conspicuo
1114 1437 1177 1479 non
1201 1415 1382 1479 iuvenescit
1406 1417 1509 1479 solum
1525 1415 1583 1480 sed
1600 1414 1835 1500 quodammodo

189 1518 398 1603 repuerascit.
453 1519 618 1582 enimvero
653 1518 753 1580 vestis
786 1518 956 1595 adstricta,
994 1526 1108 1584 tensus
1143 1525 1309 1596 coturnus,
1344 1519 1444 1582 erinis
1474 1519 1506 1582 iu
1539 1524 1630 1582 rotae
1665 1519 1833 1603 specimen

189 1621 329 1695 accisus,
361 1620 464 1685 barba
497 1622 583 1684 intra
609 1642 762 1705 rugarum
793 1621 937 1686 latebras
963 1624 1079 1687 mersis
1107 1622 1148 1686 ad
1178 1626 1285 1684 cutem
1308 1627 1399 1684 secta
1420 1621 1610 1707 forcipibus.
1654 1619 1779 1684 adhoc
1803 1626 1837 1684 ct
1868 1623 1888 1684 2

139 1739 164 1776 ¹⁰
191 1744 323 1787 munere
346 1744 486 1809 superno
509 1723 727 1788 membrorum
751 1724 854 1788 solida
877 1725 1072 1803 coniunctio,
1096 1725 1223 1808 integer
1245 1722 1350 1803 visus,
1374 1723 1502 1808 amplus
1525 1724 1558 1788 in
1581 1725 1681 1788 celeri
1704 1745 1836 1808 gressus

190 1826 328 1905 incessu,
352 1825 556 1912 incorruptae
580 1825 687 1890 lactea
710 1825 855 1890 dentium
872 1847 1029 1912 compage
1047 1826 1210 1910 gingivae.
1250 1846 1314 1888 non
1336 1825 1382 1888 illi
1398 1825 1586 1891 stomachus
1601 1832 1747 1906 nauseet,
1770 1846 1836 1890 non

191 1949 274 1991 vena
296 1929 499 2004 flammatur,
528 1949 591 1993 non
615 1950 670 1992 cor
696 1929 869 2010 incutitur,
893 1950 956 1992 non
980 1930 1089 2013 pulmo
1113 1929 1271 2014 suspirat,
1295 1950 1360 1992 non
1384 1929 1468 2013 riget
1491 1931 1635 2010 lumbus,
1659 1950 1723 1993 non
1747 1930 1838 1994 ieeur

190 2039 309 2118 turget,
333 2053 397 2097 non
421 2032 580 2096 mollescit
602 2054 727 2110 manus,
750 2053 815 2095 non
838 2033 930 2118 spina
953 2038 1113 2111 curvatur,
1137 2031 1194 2096 sed
1218 2030 1385 2117 praeditus
1408 2032 1548 2095 sanitate
1571 2032 1714 2096 iuvenali
1735 2031 1836 2095 solam

192 2136 253 2201 sibi
277 2134 420 2199 vindicet
442 2135 482 2198 de
505 2140 672 2199 senectuto
698 2136 924 2200 reverentiam.
970 2141 1102 2221 propter
1117 2156 1199 2220 quae
1219 2133 1380 2199 beneficia
1395 2134 1574 2219 peculiaria
1597 2134 1661 2215 dci,
1685 2135 1837 2220 quoniam
1869 2137 1888 2199 3

140 2254 165 2293 1⁵
191 2237 283 2303 vobis
306 2239 378 2302 iura
400 2238 562 2303 amicitiae
585 2238 722 2322 grandia
746 2239 866 2322 rigent,
891 2239 1011 2323 quippe
1035 2237 1159 2317 vicinis,
1184 2237 1319 2301 obscero
1344 2258 1381 2301 ae
1403 2257 1531 2317 moneo,
1554 2243 1591 2302 ut
1614 2237 1746 2301 consilio
1768 2244 1837 2317 tuo,

192 2342 243 2404 cui
267 2339 434 2426 sequendo
464 2362 524 2428 per
552 2341 784 2405 conscientiam
814 2362 967 2426 magnam
995 2341 1172 2405 maximam
1202 2340 1317 2405 tribuis
1340 2341 1582 2421 auctoritatem,
1612 2363 1677 2406 uon
1700 2341 1838 2405 multum

191 2443 270 2507 fidat
292 2443 453 2528 ambiguis
477 2465 538 2509 nec
561 2444 655 2508 nimis
679 2444 797 2509 nimiae
821 2443 934 2508 eredat
956 2444 1181 2521 incolumitati,
1206 2443 1264 2508 sed
1288 2443 1420 2508 tandem
1444 2443 1648 2530 professione
1672 2444 1838 2529 religionis

192 2553 324 2632 arrepta
355 2546 477 2611 viribus
507 2548 615 2633 potius
644 2547 845 2632 resurgentis
874 2548 1080 2612 innocentiae
1109 2546 1336 2624 convalescat,
1368 2547 1468 2612 facist
1500 2569 1535 2613 se
1565 2554 1715 2612 vetustus
1745 2547 1839 2611 anuis

193 2649 318 2713 meritis
341 2670 472 2713 novum.
527 2656 560 2714 et
582 2651 735 2735 quoniam
765 2670 861 2714 nemo
890 2650 993 2715 ferme
1023 2656 1088 2726 cst,
1119 2651 1173 2734 qui
1203 2649 1424 2735 plectibilibus
1447 2656 1559 2715 carcat
1587 2649 1741 2729 occultis,
1768 2649 1839 2735 ipse
1871 2652 1891 2711 4

142 2769 168 2807 so
195 2753 382 2837 superbis,
412 2774 496 2837 quae
525 2755 607 2817 clam
632 2754 803 2817 commissa
825 2754 1056 2833 reminiscitur,
1088 2755 1195 2841 palam
1224 2755 1296 2817 fusa
1320 2754 1541 2818 satisfactione
1566 2754 1720 2817 solvatur.
1764 2774 1840 2817 nam

194 2853 371 2919 sacerdotis
401 2863 494 2941 pater
522 2856 672 2941 filiusque
700 2857 876 2940 pontificis,
909 2857 970 2919 nisi
994 2863 1128 2920 sanctus
1152 2861 1217 2935 est,
1246 2856 1326 2919 rubo
1358 2855 1471 2919 similis
1495 2855 1650 2933 efficitur,
1680 2876 1775 2940 quem
1800 2854 1841 2919 de

193 2960 274 3023 rosis
297 2966 408 3023 natum
432 2981 587 3045 rosasque
610 2961 791 3045 parientem
814 2966 848 3025 et
870 2960 989 3045 genitis
1012 2959 1286 3044 gignentibusque
1303 2957 1436 3022 floribus
1453 2957 1594 3021 medium
1617 2956 1840 3042 pungentibus

194 3061 411 3146 comparanda
433 3063 577 3149 peccatis
601 3062 769 3126 dumorum
793 3064 893 3126 vallat
914 3063 1086 3148 asperitas.
1132 3061 1214 3125 valo.

975 3353 1067 3420 XIV.

619 3491 832 3558 SIDONIUS
855 3489 1057 3556 POLEMIO
1082 3489 1168 3555 SUO
1193 3486 1414 3554 SALUTEM.

148 3639 172 3679 ²³
305 3605 416 3702 Gaius
430 3637 563 3703 Tacitus
585 3659 668 3702 unus
685 3660 703 3702 c
719 3636 896 3701 maioribus
917 3636 993 3713 tuis,
1009 3635 1224 3722 Ulpianomm
1245 3640 1427 3721 temporum
1444 3633 1633 3709 consularis,
1657 3631 1717 3697 sub
1734 3630 1844 3698 verbis
1878 3634 1892 3693 l

198 3741 377 3825 cuiuspiam
401 3739 586 3806 Germanici
609 3740 700 3805 ducis
728 3741 761 3804 in
789 3740 926 3805 historia
954 3760 1013 3803 sua
1045 3738 1169 3804 rettulit
1196 3736 1321 3803 dicens:
1352 3740 1450 3800 ‘eum
1472 3735 1721 3822 Vespasiano
1749 3735 1845 3799 mihi

198 3849 311 3907 vetus
333 3842 527 3921 amicitia;
551 3851 605 3923 et,
631 3844 719 3908 dum
737 3845 921 3931 privatus
938 3848 1066 3924 esset,
1091 3842 1208 3907 amici
1224 3837 1490 3906 vocabamur)
1525 3836 1766 3927 ‘quorespicit’,
1783 3839 1844 3918 ais,

300 4066 334 4119 ‘25
352 4064 442 4119 Tacit
461 4064 525 4120 hist.
544 4065 578 4129 V,
590 4066 636 4119 26:
663 4082 731 4135 erga
748 4065 952 4135 Vespasianum
969 4066 1049 4119 vetus
1068 4062 1137 4117 mihi
1155 4062 1345 4123 observantia;
1371 4064 1413 4127 et,
1432 4078 1495 4116 oum
1513 4060 1641 4130 privatus
1659 4061 1745 4124 esset,
1762 4057 1845 4113 amici

199 4150 372 4206 vocabamur.

303 4289 316 4341 1
335 4292 425 4344 tandiu
442 4291 477 4341 M
576 4294 691 4344 ammitte
709 4290 737 4357 (a
754 4307 821 4342 corr.
839 4291 867 4341 ia
884 4236 901 4342 i
918 4290 952 4341 M
956 4290 976 4355 ¹)
995 4289 1051 4340 LM
1195 4286 1213 4340 2
1230 4297 1291 4355 post
1313 4289 1445 4355 perveniat
1461 4287 1531 4353 qaod
1546 4286 1679 4352 repetam
1695 4292 1732 4336 est
1749 4285 1782 4336 ed
1800 4301 1846 4336 vos

199 4381 245 4464 filo
262 4429 378 4465 sermone
397 4414 528 4480 perveniat
545 4430 611 4519 srael.
632 4412 667 4464 0²
792 4411 884 4463 ilvnle
902 4410 1009 4475 LMOP,
1036 4428 1084 4462 om.
1104 4410 1133 4461 F
1275 4407 1293 4460 4
1315 4409 1504 4474 imeriptieaem
1525 4423 1577 4457 auo
1593 4421 1669 4457 emera
1685 4421 1740 4456 vae.
1759 4405 1849 4455 camb
1893 4404 1902 4420 “

201 4535 302 4585 vectitio
326 4533 351 4583 P
496 4532 513 4583 5
540 4534 705 4585 cantilenscm
727 4533 762 4583 M
769 4535 776 4564 ¹
921 4531 938 4584 6
962 4540 1110 4600 postergum
1135 4532 1158 4583 0
1307 4524 1323 4578 'l
1347 4529 1450 4580 cottidie
1471 4526 1497 4578 P
1602 4526 1691 4578 babitu
1720 4532 1806 4576 temen
1830 4525 1854 4576 O

200 4652 217 4704 S
234 4654 335 4704 astricte
349 4652 477 4705 MFGFP
561 4661 703 4703 conturnus
715 4652 744 4703 F
869 4652 885 4701 a
904 4652 1044 4719 forpicibus
1062 4650 1122 4717 (pici
1141 4650 1168 4701 ia
1185 4666 1238 4700 rar.
1251 4648 1309 4757 Μὴῑ)
1328 4646 1361 4697 Μ
1364 4645 1458 4699 aas?
1589 4643 1620 4694 10
1637 4644 1800 4696 menbrorum
1817 4642 1852 4694 M

201 4775 281 4826 solide
301 4791 321 4824 s.
340 4775 357 4824 l.
376 4773 438 4824 add.
457 4771 496 4822 Ι)1
589 4772 765 4824 coniunciob'
891 4769 921 4821 ll
946 4771 1107 4823 denciumO
1188 4778 1316 4822 stomacus
1328 4767 1362 4817 M
1369 4767 1388 4829 ¹,
1413 4774 1541 4818 stomacus
1562 4763 1631 4816 Tur>
1759 4760 1792 4814 12
1812 4763 1849 4814 iu-

201 4893 338 4946 cutaturL
425 4892 532 4960 plumbo
544 4891 585 4943 F¹
710 4888 743 4942 13
760 4893 861 4959 peditus
878 4891 920 4959 (ps
937 4909 1004 4943 cerr.
1022 4892 1050 4942 in
1068 4896 1103 4958 pa
1116 4890 1166 4956 P¹)
1178 4889 1205 4940 P
1287 4887 1395 4941 iuvenili
1412 4885 1483 4938 TOF
1602 4882 1847 4935 levisticum.
1880 4946 1887 4951 .

201 5015 229 5064 ia
247 5014 417 5065 vendicatF¹
478 4969 755 5120 Ἰ131111111111οΓ
848 5010 881 5063 18
898 5011 1037 5079 epreptaP
1103 5028 1131 5064 se
1148 5013 1265 5062 obustus
1280 5017 1385 5076 procur
1402 5014 1476 5059 ustus
1487 5006 1516 5056 in
1526 5022 1580 5056 rae.
1594 5004 1627 5054 M
1630 5006 1641 5037 ¹
1711 5008 1816 5056 vetustti
1830 5003 1856 5054 T

202 5133 257 5184 anis
270 5133 294 5182 L
400 5132 432 5183 19
449 5134 594 5201 plectilibus
607 5132 648 5183 F²
755 5130 790 5184 20
807 5135 916 5201 quedam
933 5150 1000 5184 cerr.
1018 5133 1046 5183 ia
1063 5149 1113 5198 qus
1130 5132 1197 5183 clam
1210 5131 1246 5182 0²
1306 5129 1372 5180 elam
1390 5128 1417 5179 ia
1434 5123 1536 5177 rae.P¹
1601 5123 1685 5190 palum
1703 5125 1761 5174 fusa
1777 5124 1849 5175 satis·

201 5254 311 5305 factione
329 5255 443 5306 solvatur
460 5254 543 5305 uach
612 5253 821 5306 satisfaccioneO
917 5250 948 5303 21
969 5269 1046 5318 quem
1063 5252 1095 5304 de
1112 5252 1177 5302 rosis
1189 5258 1296 5316 praeter
1314 5249 1348 5298 sis
1365 5247 1393 5297 io
1410 5262 1462 5296 rae.
1477 5242 1515 5293 1³¹
1608 5239 1644 5292 22
1661 5242 1852 5309 patientemque

203 5391 273 5425 rosae
287 5375 310 5425 0
358 5332 586 5440 agnoscendae
677 5372 712 5425 23
729 5375 787 5426 vale
804 5391 851 5425 ens.
866 5372 895 5423 F
981 5368 1016 5421 24
1033 5370 1222 5435 inscriptionem
1239 5384 1290 5418 uno
1308 5382 1383 5418 ocrea
1400 5381 1454 5415 coe.
1472 5361 1562 5414 orn-L
1616 5361 1790 5413 POLLEMIO
1799 5361 1856 5414 MP

202 5491 237 5544 ‘25
257 5493 340 5544 tacius
357 5483 501 5543 corneli'F
583 5508 597 5543 e
615 5493 642 5541 in
659 5510 712 5543 ras.
727 5494 760 5543 M
764 5494 782 5558 ¹,
800 5494 831 5545 de
848 5492 873 5541 Τ
1008 5486 1043 5540 26
1060 5489 1149 5541 retulit
1160 5487 1194 5538 M
1196 5486 1289 5538 TGFP
1377 5484 1496 5536 michiC
1624 5478 1659 5533 27
1676 5482 1793 5535 amicicie
1807 5481 1857 5535 OF

202 5621 270 5664 esset
287 5612 402 5678 privatus
419 5612 443 5660 Τ
507 5612 612 5677 respicis
630 5608 703 5677 (post.
723 5630 735 5665 s
753 5631 820 5665 corr.
837 5614 866 5665 ia
883 5619 894 5664 t
912 5610 960 5673 0¹)
981 5608 1030 5662 OF
1095 5607 1172 5659 aitF

308 5731 436 5785 Smonros.
1629 5717 1647 5771 9
