4462 6216
875 323 1012 378 RURlCll
1031 320 1290 377 EPISTULARUM

1038 614 1133 680 XXI.

508 771 725 836 aritretus
748 767 995 834 EPISOOPUS
1019 765 1277 832 OAPILLUTO
1299 766 1422 832 FILIO
1446 769 1668 834 SALUTEM.

213 920 221 973 l
364 892 509 986 leonum
537 919 617 983 mihi
644 928 697 982 cst
727 916 929 1002 frequentior
958 913 1128 1000 aegritudo
1155 922 1280 995 vestra,
1313 936 1397 1001 quae
1429 917 1509 980 mihi
1537 918 1634 982 otiam
1658 918 1793 983 videtur
1821 939 1913 981 corn-

255 1027 392 1088 monirio
413 1048 487 1087 csse
510 1024 630 1087 divina.
653 1043 717 1106 qna
740 1020 866 1084 mavult
888 1017 1038 1082 dominus
1062 1023 1173 1083 noster
1195 1038 1252 1103 pro
1275 1039 1336 1082 sua
1358 1019 1483 1104 pietate
1507 1021 1692 1105 largissima
1714 1027 1913 1107 peccatores

259 1134 421 1212 ‹ramigarc
451 1149 546 1211 qnam
577 1123 735 1210 perdere.
767 1130 803 1186 ut
831 1143 913 1207 quos
936 1142 1095 1186 annorum
1117 1141 1250 1185 suorum
1272 1128 1365 1186 aetas
1388 1123 1550 1208 longaeva
1571 1145 1636 1188 non
1660 1125 1836 1204 convincit,
1860 1125 1913 1188 vel
1949 1138 1961 1175 ⁵

259 1234 428 1296 convincar
459 1229 645 1294 infirmitas.
677 1236 714 1291 ut
742 1226 910 1312 deponant
940 1224 1066 1290 saeculi
1095 1223 1226 1309 byrrum
1257 1231 1291 1288 et
1320 1233 1449 1290 sument
1477 1228 1637 1293 ecelesiae
1666 1229 1913 1307 vestimentum,

260 1337 344 1420 nurui
367 1354 418 1398 em
443 1334 595 1397 cilicium.
619 1330 829 1395 contritionis
853 1328 1025 1404 indicium;
1054 1327 1133 1413 quia
1154 1349 1222 1392 cor
1245 1330 1460 1395 contritum
1483 1337 1522 1396 ct
1544 1331 1794 1397 humiliatum
1817 1331 1912 1397 deus

203 1444 226 1502 2
257 1462 334 1503 urs
365 1439 533 1524 spernit.
577 1437 632 1500 ille
655 1436 743 1500 enim
766 1433 856 1498 radit
884 1431 926 1497 ad
956 1432 1100 1509 caelum,
1131 1431 1186 1516 qui
1217 1452 1253 1495 sc
1285 1432 1408 1497 collidit
1437 1434 1479 1499 ad
1510 1436 1630 1509 solum;
1660 1437 1738 1520 quia
1766 1437 1838 1522 qui
1869 1458 1912 1501 se

257 1543 424 1605 ruslaer
447 1538 743 1604 humiliabitur
763 1544 806 1602 et
828 1537 894 1623 qni
918 1557 960 1601 se
981 1534 1175 1600 humiliat
1192 1535 1461 1603 exaltabitur.
1495 1539 1580 1604 unde
1597 1545 1630 1604 et
1644 1539 1724 1604 dicit
1740 1541 1914 1626 paenitens

260 1648 309 1711 ilis
331 1648 512 1731 perimens:
534 1644 724 1709 adhaesit
740 1639 1221 1727 parimentoanimamea,
1245 1637 1419 1720 domine,
1442 1641 1681 1707 vivificame
1698 1642 1912 1708 secundam
1937 1659 1962 1696 10

206 1756 225 1812 :t
256 1752 544 1813 uri-nmmum
578 1746 656 1832 quid
674 1742 1127 1811 estsocundumrerbum
1143 1744 1324 1807 tuumnisi
1340 1745 1519 1809 secundum
1535 1746 1784 1832 promissionem
1799 1754 1910 1812 tuam!

261 1855 344 1939 qnod
368 1856 423 1939 qni
445 1874 556 1916 coram
579 1866 613 1916 tc
643 1856 782 1938 peccata
810 1870 872 1913 sua
899 1848 1027 1913 deflerit
1057 1853 1270 1932 compunctus
1301 1847 1334 1910 in
1364 1848 1500 1929 mundo,
1531 1856 1566 1914 tu
1592 1871 1667 1914 eum
1695 1849 1848 1936 perducis
1876 1851 1910 1914 in

256 1979 411 2041 ,rs-enm.
437 1956 495 2019 ubi
517 1954 623 2040 possit
644 1954 802 2039 deinceps
826 1956 959 2015 cantare
982 1968 1131 2014 securus:
1162 1947 1321 2012 audivit
1348 1948 1540 2015 dominus
1563 1957 1604 2016 ct
1626 1952 1821 2018 misertus
1843 1960 1911 2017 est

256 2062 364 2124 rni'ai:
394 2060 574 2123 dominus
603 2059 741 2122 lactus
770 2061 836 2120 cst
864 2053 1022 2117 adiutor
1052 2071 1175 2115 mous.
1221 2052 1475 2117 convertisti
1505 2055 1701 2140 planctum
1724 2077 1850 2122 meum
1873 2056 1912 2120 in

254 2164 444 2248 gandium
474 2161 585 2226 mibi:
622 2157 858 2225 conscidisti
895 2174 1056 2220 saccum
1086 2175 1210 2218 meum
1240 2161 1280 2218 et
1309 2157 1598 2240 praecinxisti
1628 2181 1688 2224 mc
1717 2159 1911 2225 laetitia.
1937 2174 1961 2213 ¹⁵

210 2274 226 2330 l
260 2267 346 2331 unde
369 2265 494 2330 suadeo
517 2265 633 2351 pietati
655 2271 797 2342 restrae,
826 2267 863 2324 ut
885 2258 973 2346 qnod
996 2257 1162 2342 cogitastis
1185 2258 1337 2338 celerius,
1367 2259 1429 2324 deo
1451 2259 1636 2341 adiuvante,
1662 2262 1805 2343 faciatis,
1831 2263 1913 2349 quia

256 2393 345 2434 nors
360 2391 425 2433 nsrn
441 2368 562 2445 tardat,
585 2369 654 2454 ipso
670 2366 801 2431 domino
817 2364 964 2429 dicente:
987 2381 1032 2425 ne
1055 2359 1229 2426 tarderis
1253 2365 1431 2427 converti
1454 2362 1503 2428 ad
1525 2363 1635 2428 deum
1652 2386 1724 2430 nec
1740 2365 1913 2431 disseras

258 2473 303 2538 de
335 2473 399 2536 dic
427 2473 467 2536 in
497 2471 612 2535 diem.
662 2470 794 2534 subito
829 2466 932 2532 enim
965 2466 1100 2531 veniet
1133 2466 1193 2530 ira
1227 2465 1314 2530 eius
1349 2473 1386 2530 et
1420 2467 1459 2530 in
1492 2472 1666 2554 tempore
1699 2468 1911 2535 vindictae

204 2583 225 2639 ξι
257 2574 475 2661 disperdet
506 2590 555 2638 tc.
599 2571 754 2657 ideoque,
784 2570 861 2635 dum
892 2576 1021 2656 tempus
1051 2569 1226 2648 habemus,
1256 2575 1484 2634 convertemur
1509 2570 1550 2635 ad
1573 2570 1755 2652 dominum,
1786 2580 1912 2639 utnon

255 2703 330 2745 run
370 2680 433 2744 boc
471 2678 592 2744 mundo
625 2677 832 2757 damnemur,
872 2676 949 2761 quia
984 2675 1054 2739 sine
1088 2672 1186 2738 dubio
1220 2673 1268 2737 illi
1301 2674 1484 2738 misericors
1517 2673 1600 2740 dens
1633 2695 1727 2740 sunm
1760 2682 1914 2762 praestat
1937 2690 1964 2730 ἰ

255 2785 423 2863 auxilinm,
445 2804 544 2869 quern
566 2782 653 2847 circa
674 2786 854 2867 praecepta
879 2799 944 2843 sua
966 2777 1071 2842 cernit
1092 2783 1264 2843 attentum.

1026 3068 1138 3134 XXII.

592 3224 806 3291 RURIOIUS
828 3223 1073 3289 EPISOOPUS
1097 3222 1322 3288 EUFRASIO
1346 3224 1575 3293 EPISCOPO.

209 3375 221 3432 l
363 3345 518 3441 Gusrms
539 3398 603 3460 ago
627 3373 867 3439 sincerissimae
891 3374 925 3438 in
948 3372 1079 3438 (lhristo
1101 3372 1232 3437 domino
1256 3374 1465 3458 germanitati
1487 3381 1628 3457 vestrae,
1650 3376 1747 3461 quod,
1777 3378 1910 3462 perlato

257 3480 367 3545 taedio
391 3479 432 3544 ad
455 3501 513 3543 ros
535 3486 662 3549 nostro.
691 3478 860 3542 confestim
891 3498 951 3542 nos
981 3476 1100 3541 litteris
1124 3476 1240 3541 vestris
1268 3477 1401 3542 visitare
1429 3478 1511 3542 tanti
1538 3479 1714 3560 habuistis,
1743 3480 1799 3565 qui
1827 3479 1909 3545 dnm
1934 3492 1960 3533 ὓ

260 3583 457 3647 infirmitatis
479 3590 610 3646 nostrae
639 3580 891 3646 sollicitudinem
923 3580 1052 3665 geritis,
1083 3579 1257 3644 sanitatem
1281 3581 1381 3644 vestri
1410 3581 1553 3666 pectoris
1582 3581 1787 3668 approbatis;
1818 3584 1909 3668 quia,

260 3687 344 3751 sicut
370 3685 434 3772 ipsi
463 3685 581 3749 melius
607 3685 725 3766 nostis,
759 3685 863 3749 finis
892 3683 1095 3771 praecepti
1123 3691 1184 3749 cst
1212 3684 1359 3749 caritas
1389 3684 1436 3752 de
1465 3685 1577 3751 eorde
1607 3707 1706 3772 puro
1735 3693 1776 3752 et
1804 3708 1906 3753 eon·

261 3790 449 3854 scientia
477 3789 578 3852 bona
603 3795 641 3853 et
669 3788 753 3854 lide
784 3808 856 3853 non
885 3787 1010 3867 ficta,
1040 3792 1074 3851 et
1100 3787 1155 3872 qui
1177 3787 1289 3850 visitat
1311 3788 1473 3853 infirmum
1495 3790 1530 3853 in
1551 3789 1725 3855 dilectione
1746 3791 1907 3858 firmatur.

208 3898 228 3959 2
260 3893 347 3958 nude
370 3891 567 3979 peculiarius
591 3912 698 3978 sporo,
721 3896 758 3954 ut
779 3912 876 3976 quem
900 3890 1064 3976 requiritis
1080 3889 1244 3970 affatibus,
1269 3891 1468 3956 orationibus
1484 3891 1656 3960 adiuvetis.
1693 3892 1908 3959 redeuntibus

256 3999 369 4083 itaque
392 3997 516 4081 gerulis
538 3996 720 4062 litterarum
743 3994 844 4060 reddo
867 4001 1015 4059 mutuum
1038 3994 1260 4081 sospitationis
1284 3994 1426 4059 officium
1455 4001 1504 4077 ct,
1534 3997 1617 4061 sicut
1644 3995 1686 4062 ad
1708 4017 1766 4060 ros
1794 4018 1908 4062 rumor
1931 4011 1958 4051 π

257 4101 424 4189 persenit,
448 4101 647 4165 sufficienter
673 4121 726 4164 me
756 4098 935 4165 secundum
957 4098 1202 4163 miserationem
1224 4094 1383 4179 divinam,
1406 4121 1469 4164 non
1491 4099 1669 4166 secundum
1690 4101 1808 4166 merIta
1829 4123 1908 4167 rnea

255 4205 445 4271 tribulatum
467 4226 542 4269 esse
572 4203 733 4289 signidem
764 4204 842 4289 qnia
868 4203 939 4290 ipse
967 4202 1024 4287 qui
1049 4201 1138 4265 cibat
1165 4203 1307 4267 lacrimis
1336 4203 1369 4267 in
1399 4224 1551 4268 mensura
1579 4200 1782 4288 castigationi
1811 4205 1908 4270 iuxta

255 4312 415 4398 pictatem
437 4329 531 4372 snam
554 4329 614 4394 pro
637 4307 866 4373 imbecillitate
889 4312 1004 4372 nostra
1026 4305 1159 4370 modum
1181 4308 1311 4385 statuit,
1341 4328 1383 4372 ne
1408 4306 1576 4371 infirmitas
1598 4308 1763 4373 nostruin
1784 4329 1906 4372 manns

201 4420 222 4481 3
255 4438 334 4481 suae
362 4415 570 4502 correptione
600 4414 765 4480 deficeret.
811 4413 952 4498 ideoque
981 4413 1123 4500 propitia
1145 4412 1354 4477 miseratione
1377 4432 1438 4476 sua
1465 4411 1531 4475 iarn
1554 4411 1805 4477 commodiorem
1827 4433 1905 4477 esse

251 4543 304 4586 me
319 4521 443 4586 nuntio.
477 4519 735 4584 consolationem
752 4516 841 4583 vobis
864 4517 965 4581 vestri
987 4516 1162 4596 maeroris,
1186 4516 1308 4601 pagina
1330 4515 1509 4595 deferente,
1533 4516 1768 4596 transmittens,
1789 4524 1827 4581 nt
1848 4519 1905 4603 qui
1930 4530 1956 4571 ὅ

251 4626 333 4690 cetis
355 4624 522 4689 laboribus
544 4623 665 4688 nostris
687 4643 747 4709 pro
770 4622 911 4687 caritate
934 4620 1185 4706 compatientes,
1208 4620 1279 4683 sitis
1295 4619 1440 4684 laetitiae
1455 4620 1488 4683 in
1504 4618 1557 4684 dei
1571 4621 1699 4686 nomine
1712 4618 1754 4685 de
1768 4628 1906 4707 recepta

251 4729 474 4793 incolumitate
496 4728 686 4813 participes,
710 4727 812 4812 ipsius
835 4726 979 4791 lectione
1000 4724 1156 4810 dispono.
1199 4745 1257 4788 ora
1278 4745 1336 4810 pro
1358 4747 1421 4790 me.

275 4862 341 4869 -..-

353 4952 369 5003 i
394 4951 438 5004 Ps.
461 4950 491 5005 L.
515 4952 555 5004 19.
667 4952 686 5005 8
708 4951 809 5005 Ilatth.
832 4948 938 5011 XXIII,
957 4948 999 5000 12.
1124 4947 1157 5000 10
1178 4945 1222 5000 Ps.
1244 4943 1370 5007 CXVIII,
1393 4945 1436 5000 25.
1549 4947 1581 5001 13
1604 4946 1647 5000 Pe.
1670 4945 1772 5003 XXIX.
1797 4947 1837 5000 11.
1860 4949 1904 5003 12.

250 5037 473 5095 ἥκῃ-11128.
577 5040 609 5093 lit
627 5037 710 5091 beli.
725 5037 758 5099 Υ,
777 5037 819 5091 10.
913 5036 948 5089 ’ll
968 5034 989 5087 I.
1004 5032 1075 5087 Tim.
1098 5032 1120 5097 1,
1138 5033 1165 5086 5.
1260 5032 1294 5085 28
1311 5029 1469 5094 dcclivtl,
1487 5033 1528 5086 39.
1623 5032 1657 5085 32
1675 5032 1718 5085 Ps.
1736 5031 1860 5097 LXXIX,
1877 5037 1904 5091 e

351 5196 369 5247 3
386 5199 556 5264 trequenticsa
573 5199 695 5266 sgdtedo
714 5198 739 5248 G
793 5197 929 5248 esmmofio
942 5191 969 5246 G
1082 5191 1100 5245 4
1118 5193 1223 5244 diui-u
1237 5189 1290 5255 G¹,
1307 5193 1395 5243 diuina
1409 5188 1451 5242 G¹
1507 5209 1560 5257 qna
1576 5190 1686 5256 mauult]
1707 5191 1834 5257 Oenidae
1849 5198 1906 5261 qui

251 5300 304 5337 uur:
319 5282 345 5335 G
449 5284 625 5353 bernuiraeit]
643 5286 709 5337 wei.
730 5285 859 5347 (baiadus,
880 5283 1003 5334 wunenit
1023 5277 1049 5332 G
1162 5279 1179 5331 6
1197 5275 1316 5346 byrrum]
1338 5279 1369 5341 G,
1387 5279 1492 5345 byssum
1513 5278 1630 5330 &meu
1733 5275 1766 5329 13
1782 5279 1905 5347 remum}

246 5372 346 5435 ospaci.
363 5386 445 5436 tergeo
550 5372 582 5424 lt
600 5371 674 5439 meni}
694 5373 744 5424 mei
764 5371 837 5436 l'ulqt
934 5367 967 5420 19
983 5369 1106 5436 disperdit
1125 5363 1151 5418 G
1246 5365 1280 5416 22
1298 5364 1383 5433 XXII]
1402 5366 1440 5416 od
1457 5365 1591 5415 Ruricium
1608 5362 1750 5431 Eufrate
1766 5364 1905 5429 φὺιιιὶοιι

251 5480 281 5507 »ν
305 5456 685 5525 l'l.nprup.t7.1¹,uierrat
781 5456 818 5509 30
835 5454 932 5523 itaque]
951 5456 1002 5507 al.
1017 5451 1059 5506 G¹
1118 5452 1229 5522 gerulis]
1248 5471 1340 5505 ecorr.
1359 5453 1456 5519 regulis
1470 5448 1512 5502 G¹
1573 5446 1669 5515 rumor]
1688 5457 1777 5501 calar
1792 5449 1905 5504 eto·

250 5552 280 5595 ·¹·3
303 5566 319 5593 u
347 5544 475 5613 meave]
494 5548 598 5613 scripsi,
621 5547 718 5597 iamim
736 5546 889 5596 ‘inminente
902 5541 956 5607 θ’)
974 5559 1120 5595 mensnram
1133 5538 1172 5604 G,
1189 5542 1216 5592 in
1234 5541 1338 5592 minima
1355 5556 1475 5591 merrsura
1494 5538 1627 5590 Caluisius:
1650 5536 1748 5587 cibabia
1768 5555 1817 5591 noa
1834 5557 1905 5607 parre

247 5650 403 5687 usmetun
420 5648 444 5683 *a
455 5650 543 5703 yram
555 5636 627 5687 rath
643 5634 718 5685 urbia
729 5633 756 5685 iu
767 5634 879 5687 mni·
890 5634 918 5685 in
930 5635 1068 5685 mentun?
1085 5629 1159 5697 Vulq.
1228 5625 1263 5682 34
1275 5627 1397 5680 defecerit
1410 5627 1434 5679 G
1508 5624 1543 5680 35
1555 5621 1639 5691 uobis]
1654 5623 1780 5692 Canities,
1791 5628 1866 5681 urla's
1876 5624 1906 5681 G
