4462 6216
1038 363 1292 433 res-nas.
1923 370 2038 447 aon,

338 542 559 629 castigationis
598 539 759 623 admovit,
795 541 828 606 in
861 540 939 620 hac,
981 540 1128 626 inquam,
1168 542 1278 626 quiete
1315 562 1446 628 magna,
1490 542 1518 607 si
1552 563 1782 630 agnoscamus,
1816 544 2039 622 vacatione&

338 649 466 730 donati,
491 647 568 712 dum
590 668 693 713 novos
718 650 807 714 cives
832 646 1027 711 commercio
1051 645 1196 711 caritatis
1220 645 1436 731 adquirimus,
1459 646 1535 711 dum
1558 646 1598 711 de
1621 647 1856 733 adquisitorum
1880 649 1987 714 salute

336 753 529 838 gaudemus,
561 753 646 816 inter
675 752 756 816 haee
785 750 884 837 positi
915 750 1016 827 bona,
1045 751 1210 835 praesenti
1241 750 1434 815 insultamus
1465 752 1582 817 exsilio
1611 760 1644 817 et
1667 753 1806 838 patriam
1836 774 1895 818 nos
1916 771 1983 817 non

336 858 485 922 amisisse
508 856 566 921 sed
590 863 808 919 commutasse
833 855 1070 939 cognoscimus.
1115 874 1188 917 nam
1213 852 1288 917 dum
1312 853 1424 919 fideles
1448 854 1561 919 famuli
1592 855 1645 919 dei
1670 858 1705 921 in
1734 855 1985 923 necessitatibus
2018 857 2038 919 2

298 977 309 1014 ⁵
340 961 458 1025 nostris
480 959 662 1023 bonitatem
686 979 765 1022 suae
789 957 970 1022 devotionis
994 965 1166 1040 exercent,
1193 959 1263 1023 sine
1292 957 1370 1024 sede
1397 962 1529 1045 propria
1559 981 1782 1047 possessores,
1814 962 1884 1026 sinc
1907 981 1984 1048 pos·

338 1065 484 1130 sessione
506 1062 625 1127 divites
649 1084 768 1142 sumus,
792 1063 888 1126 immo
913 1085 971 1128 eos
996 1065 1050 1149 qui
1074 1063 1114 1129 de
1134 1069 1246 1129 nostra
1268 1062 1408 1128 fructum
1435 1065 1568 1151 capiunt
1590 1065 1813 1131 consolatione
1830 1064 1984 1130 ditamus.

337 1171 418 1233 miro
442 1166 537 1231 modo
561 1167 782 1231 consolatores
806 1167 910 1230 nostri
933 1167 973 1232 de
996 1168 1204 1254 pauperculis
1228 1169 1436 1251 negotiantur
1458 1175 1491 1232 et
1514 1167 1554 1232 de
1579 1169 1692 1252 egenis
1714 1169 1806 1233 lucra
1825 1174 1986 1255 perpetua

339 1278 590 1356 consequuntur.
629 1291 690 1354 ego
715 1276 825 1334 autem
842 1269 927 1335 hanc
943 1273 1081 1356 primam
1097 1271 1362 1352 munificentiam,
1388 1271 1519 1336 domino
1537 1271 1710 1356 largiente,
1734 1273 1877 1360 percepi,
1900 1272 1987 1357 quod
2019 1274 2038 1336 3

338 1377 502 1463 piissimus
533 1395 626 1439 meus
655 1373 806 1437 Ruricius
839 1380 915 1458 post
947 1375 1033 1439 vitae
1063 1374 1159 1438 huius
1192 1375 1385 1439 iactationes
1420 1374 1461 1439 ad
1496 1381 1626 1463 portum
1660 1377 1825 1461 religionis
1859 1397 1989 1463 proram

286 1496 311 1534 1⁰
341 1480 465 1559 salutis,
488 1478 611 1543 excelsi
634 1498 731 1540 manu
754 1476 972 1561 gubernante,
1000 1480 1170 1556 convertit,
1198 1477 1282 1562 quod
1305 1485 1379 1564 post
1402 1479 1533 1543 umbras
1556 1479 1781 1545 seducentium
1805 1481 1985 1544 vanitatum

338 1593 371 1648 et
399 1583 579 1646 inlusiones
611 1580 881 1645 transvolantium
912 1583 1109 1645 somniorum
1145 1602 1298 1646 mansura
1332 1589 1365 1646 et
1392 1583 1497 1648 solida
1532 1584 1716 1669 concupivit
1747 1590 1795 1665 et,
1830 1583 1986 1669 despecto

337 1686 468 1751 tandem
491 1685 632 1764 saeculo,
655 1685 879 1749 infelicitatem
903 1685 973 1749 eius
996 1706 1148 1769 magnam
1171 1687 1306 1771 respuit,
1330 1686 1521 1752 felicitatem
1545 1694 1579 1752 et
1600 1688 1726 1751 lucrum
1742 1689 1793 1752 sui
1808 1686 1849 1752 de
1865 1687 1985 1752 mundo

336 1798 494 1877 pereunte
524 1788 717 1872 adquisivit,
744 1808 825 1874 pace
847 1787 935 1853 fideli
959 1795 1056 1874 atque
1080 1789 1312 1854 collabentium
1336 1810 1444 1855 rerum
1465 1791 1544 1876 fuga
1567 1793 1785 1877 praeteriens,
1815 1812 1879 1877 qua
1905 1811 1984 1877 opes

338 1898 527 1978 contemptu
558 1912 616 1957 suo
648 1893 801 1972 contulit,
838 1912 922 1977 quae
958 1892 1022 1956 iam
1054 1913 1115 1956 usu
1148 1914 1206 1957 suo
1243 1893 1392 1958 conferre
1427 1895 1508 1959 nihil
1537 1902 1700 1980 poterant.
1749 1895 1836 1961 unde
1866 1901 1987 1980 quanta

286 2014 310 2052 1⁵
340 1998 461 2062 dudum
485 1997 653 2060 alacritate
678 1995 900 2061 saecularibus
930 1994 1045 2060 studiis
1072 1997 1296 2077 militavimus,
1324 2003 1416 2062 tanta
1441 2018 1529 2064 nunc
1556 1998 1730 2064 devotione
1759 1998 1889 2064 domino
1918 2019 1988 2063 ser-

340 2103 475 2168 viamus.
521 2108 555 2165 et
581 2099 658 2184 quia
687 2120 738 2164 me
769 2101 932 2165 austerius
955 2100 1044 2186 loqui
1077 2122 1189 2165 secum
1218 2122 1278 2188 pro
1306 2109 1516 2187 peccatorum
1545 2104 1713 2168 curatione
1743 2102 1850 2188 pietas
1878 2107 1988 2167 vestra
2018 2105 2038 2165 4

337 2205 528 2289 constringit
551 2209 583 2268 et
606 2203 692 2267 illius
716 2204 897 2268 sententiae
926 2226 990 2269 non
1021 2205 1175 2270 observat
1207 2204 1376 2287 invidiam,
1411 2227 1494 2291 quae
1522 2206 1613 2273 dicit:
1647 2208 1776 2272 iustus
1808 2207 1848 2271 in
1877 2207 1983 2293 prin·

338 2311 443 2396 cipio
475 2310 537 2373 sui
567 2313 627 2372 est
654 2314 887 2390 accusator,
917 2309 1074 2395 imprimis
1103 2329 1181 2394 ergo
1204 2311 1317 2397 lapsus
1339 2311 1405 2375 oris
1429 2310 1598 2396 cordisque
1621 2311 1773 2377 vitemus.
1817 2309 1875 2377 sed
1897 2309 1984 2396 quod
2016 2313 2036 2373 5

339 2415 404 2478 oris
439 2413 599 2492 diximus,
635 2412 662 2474 si
694 2410 782 2475 cordi
815 2411 979 2477 studueris
1012 2413 1169 2479 adhibere
1207 2414 1404 2497 custodiam,
1440 2416 1488 2480 ori
1522 2435 1588 2478 non
1621 2414 1785 2480 laborabis
1818 2415 1987 2500 imponere

284 2531 311 2571 2⁰
339 2517 560 2603 disciplinam,
588 2516 658 2579 sine
682 2515 872 2580 difficultate
897 2516 1039 2581 ostium
1063 2518 1389 2584 circumstantiae
1412 2539 1578 2605 opponere
1602 2519 1722 2604 poterit
1743 2517 1868 2583 labiis
1891 2518 1988 2582 suis.

337 2619 417 2685 illud
441 2620 599 2705 siquidem
623 2639 704 2683 voce
736 2619 940 2706 depromitur
968 2618 1053 2704 quod
1084 2621 1174 2706 prius
1206 2621 1238 2684 in
1271 2621 1401 2685 officina
1432 2622 1653 2686 conscientiae
1683 2621 1895 2701 deformatur,
1927 2620 1988 2685 hoc

337 2727 482 2789 exterior
503 2723 610 2788 reddit
637 2722 722 2808 quod
752 2722 853 2787 dictat
882 2725 1031 2803 interior,
1061 2743 1153 2788 mens
1183 2731 1318 2789 exercet
1346 2725 1532 2811 imperium,
1562 2724 1675 2809 lingua
1705 2724 1908 2790 famulatum.
1953 2729 1987 2788 et
2019 2725 2039 2786 6

338 2836 510 2917 propterea
546 2825 742 2892 caelestibus
781 2825 955 2891 edocemur
993 2827 1147 2912 eloquiis:
1190 2849 1239 2892 ex
1272 2827 1518 2893 abundantia
1552 2827 1685 2893 cordis
1719 2848 1761 2892 os
1800 2827 1987 2912 loquitur.

335 2933 421 3018 quod
449 2932 489 2996 de
521 2951 672 2996 sermone
702 2930 793 2994 nasci
815 2929 958 3011 videtur,
988 2932 1079 3016 prius
1107 2932 1304 3016 cogitatione
1331 2933 1528 3018 concipitur:
1562 2937 1600 2996 ut
1628 2932 1692 2995 oris
1723 2952 1824 2996 sonus
1854 2931 1989 3016 indigna

284 3050 310 3090 ²⁵
339 3058 405 3102 non
428 3035 578 3124 proferat,
602 3035 727 3098 animus
751 3033 837 3097 iusta
859 3034 1053 3119 praecipiat.
1098 3041 1132 3099 et
1155 3035 1230 3120 quia
1253 3033 1317 3098 duo
1341 3041 1418 3099 sunt
1440 3035 1632 3100 ieiuniorum
1657 3055 1795 3120 genera:
1818 3056 1919 3098 unum
1935 3035 1986 3099 in·
2020 3036 2039 3097 7

337 3141 556 3205 continentiae
579 3138 759 3224 appetitum
782 3157 801 3199 a
825 3137 909 3201 male
933 3136 1061 3202 blandis
1084 3136 1275 3202 deliciarum
1299 3135 1516 3202 suavitatibus
1541 3158 1704 3218 coercere,
1727 3145 1765 3203 ut
1787 3139 1934 3204 exterior
1955 3144 1990 3202 et

337 3252 487 3309 terrenus
509 3242 605 3306 homo
629 3261 760 3305 vomere
791 3239 896 3304 crucis
926 3236 1087 3303 edomitus
1110 3237 1282 3303 commoda
1304 3239 1492 3303 infirmitate
1515 3245 1711 3315 marcescat;
1740 3240 1879 3306 alterum
1908 3240 1984 3305 abs·

337 3349 497 3413 tinentiae
522 3367 626 3430 genus
650 3351 703 3409 est
725 3344 827 3408 multo
856 3342 1044 3422 sublimius,
1076 3343 1178 3408 multo
1205 3343 1396 3429 pretiosius,
1428 3343 1480 3406 cui
1510 3342 1599 3407 nulla
1627 3342 1850 3408 contradicere
1882 3343 1988 3429 possit

339 3453 522 3528 infirmitas,
556 3456 663 3512 motus
692 3447 790 3511 animi
813 3468 928 3532 regere
953 3452 985 3512 et
1009 3446 1249 3513 irrationabiles
1272 3447 1536 3535 perturbationes
1559 3447 1611 3512 vel
1635 3447 1878 3513 colluctantium
1902 3448 1988 3513 inter

284 3569 310 3607 ³⁰
341 3577 377 3619 se
400 3553 632 3639 cogitationum
661 3552 819 3616 tumultus
842 3552 1004 3617 interioris
1027 3551 1147 3616 iudicio
1170 3551 1336 3616 refrenare
1359 3557 1393 3616 et
1416 3556 1530 3615 contra
1553 3551 1817 3637 impugnationes
1840 3553 1987 3618 occultas

337 3660 391 3724 vel
419 3666 532 3722 contra
564 3655 761 3720 domesticos
789 3656 937 3720 inimicos
966 3657 1070 3721 rixam
1099 3656 1260 3741 quandam
1293 3657 1463 3721 irascentis
1491 3655 1566 3720 fidei
1595 3657 1789 3721 auctoritate
1813 3677 1988 3723 conserere

339 3769 372 3828 et
399 3785 458 3849 per
485 3761 763 3834 benevolentiam,
793 3760 1095 3841 mansuetudinem,
1125 3761 1334 3848 patientiam,
1368 3758 1635 3844 tranquillitatem
1664 3757 1718 3823 dei
1746 3759 1923 3846 imaginem
1953 3762 1987 3826 in

337 3867 422 3931 facie
445 3865 609 3929 interioris
633 3864 799 3929 excolere:
832 3865 923 3928 cuius
948 3864 1046 3930 decus
1069 3886 1132 3929 non
1157 3865 1190 3928 in
1213 3866 1358 3952 corporis
1382 3884 1567 3950 personam,
1592 3862 1651 3928 sed
1675 3863 1707 3928 in
1731 3865 1830 3928 animi
1852 3865 1989 3930 formam

338 3972 483 4036 sollertia
506 3969 638 4034 factoris
662 3968 837 4053 impressit.
876 3968 981 4031 virum
1005 3968 1167 4055 spiritalia
1189 3976 1222 4033 et
1243 3966 1354 4032 divina
1382 3968 1580 4052 cogitantem
1603 3967 1737 4031 tristitia
1761 3988 1825 4032 non
1849 3967 1989 4055 frangat,
2020 3967 2040 4032 8

286 4090 311 4128 ³⁵
341 4076 467 4141 laetitia
489 4094 554 4138 non
577 4072 730 4151 resolvat,
756 4070 935 4135 stabilitum
958 4071 991 4134 in
1015 4071 1129 4136 timore
1153 4070 1207 4135 dei
1229 4076 1346 4158 peetus
1369 4071 1647 4157 magnanimitatis
1671 4071 1853 4156 aequalitas
1874 4079 1985 4138 osten-

338 4179 408 4260 dat,
438 4185 475 4243 ut
504 4184 537 4241 et
565 4177 660 4241 nobis
684 4175 830 4259 coaptari
853 4174 956 4261 possit
978 4173 1082 4238 libelli
1109 4173 1196 4238 illius
1228 4174 1355 4259 insigne
1387 4174 1595 4261 principium,
1627 4174 1683 4240 uhi
1710 4175 1765 4240 ille
1794 4175 1988 4260 magnificus

338 4282 501 4356 Helcana,
530 4281 586 4366 qui
608 4278 771 4367 possessio
794 4277 847 4342 dei
871 4279 1119 4365 interpretatur,
1143 4278 1191 4342 vir
1212 4298 1296 4342 unus
1320 4279 1458 4363 mystico
1481 4285 1688 4365 nuncupatur
1709 4279 1853 4364 eloquio:
1886 4287 1988 4362 erat,

337 4387 456 4471 inquit,
487 4385 547 4448 vir
569 4404 687 4463 unus,
716 4383 778 4446 hoc
803 4388 854 4446 est
877 4402 1007 4468 semper
1035 4382 1136 4457 idem;
1168 4382 1245 4466 quia
1277 4382 1356 4446 nihil
1384 4383 1418 4447 in
1451 4403 1489 4446 eo
1518 4382 1699 4469 apparebat
1726 4381 1875 4460 dubium,
1907 4383 1988 4448 nihil

338 4489 476 4578 duplex,
508 4488 585 4551 nihil
609 4487 749 4562 varium,
779 4484 858 4549 nihil
885 4485 1068 4562 diversum,
1101 4483 1159 4550 sed
1189 4506 1263 4550 eum
1292 4486 1324 4549 in
1352 4491 1440 4550 statu
1468 4487 1623 4551 virtutum
1653 4487 1846 4550 inconcusso
1876 4487 1988 4554 ordine

283 4609 310 4648 ⁴⁰
339 4599 586 4679 permanentem
608 4589 790 4654 accidentia
812 4591 845 4653 in
875 4589 1070 4655 contrarium
1097 4610 1162 4653 non
1189 4589 1378 4671 movebant,
1411 4589 1580 4654 mutabilia
1610 4596 1757 4675 tempora
1784 4609 1848 4653 non
1876 4596 1982 4655 muta-

335 4698 414 4762 bant
449 4717 509 4760 nec
544 4716 635 4775 eum,
669 4702 707 4758 ut
740 4695 871 4759 marinis
903 4694 1054 4759 fiuctibus
1089 4692 1189 4757 moris
1219 4702 1284 4772 est,
1318 4694 1352 4757 in
1382 4694 1526 4758 alternas
1556 4699 1667 4779 partes
1702 4692 1787 4757 levia
1818 4699 1988 4759 ventorum

337 4800 439 4864 flabra
460 4797 647 4864 versabant.
692 4797 739 4862 ita
761 4806 796 4863 et
817 4797 974 4862 sollicitus
997 4797 1051 4862 dei
1071 4797 1212 4862 famulus
1228 4804 1320 4861 vasta
1337 4796 1414 4861 fidei
1435 4797 1522 4862 mole
1544 4795 1699 4861 fundatus
1723 4795 1756 4859 in
1772 4796 1834 4861 hoc
1849 4802 1988 4877 tautum,
2020 4801 2040 4863 9

443 5025 472 5078 17
491 5024 570 5078 Prov.
589 5023 690 5083 XVllI,
711 5024 750 5076 17.
855 5020 1148 5085 teramnanae
1252 5022 1286 5074 23
1305 5019 1406 5075 Matth.
1425 5019 1486 5087 XII,
1504 5020 1546 5073 34.
1652 5019 1890 5088 371.1teg.1,1.

442 5166 454 5215 l
474 5162 597 5230 admonit]
612 5163 763 5226 Mommsen,
780 5162 951 5215 admonuitG
1001 5164 1087 5229 quiete
1104 5159 1208 5230 magna]
1226 5163 1326 5229 scripsi,
1343 5165 1387 5230 qui
1406 5168 1432 5215 et
1445 5162 1578 5230 magnaO
1665 5159 1683 5211 3
1700 5157 1817 5228 patriam]
1836 5168 1887 5229 pat,
1906 5169 1989 5213 cetera

336 5261 493 5306 evanuerant
505 5252 535 5315 G,
547 5262 644 5319 patrem
656 5252 774 5303 Comana
855 5249 1092 5301 lconsolatorisG¹
1174 5247 1376 5302 aianeoane
1457 5248 1490 5299 10
1497 5249 1650 5300 nanitumG
1732 5244 1990 5314 12respuitlaeripar',

336 5340 451 5407 rapuitfe'
498 5339 710 5390 ..felicitatemo'
798 5336 829 5388 13
840 5334 913 5404 pace]
924 5336 988 5388 coni.
999 5335 1150 5399 Mammea,
1162 5353 1220 5388 ecce
1233 5336 1264 5399 θ,
1275 5343 1329 5388 arte
1340 5336 1458 5387 (lenicius
1547 5333 1717 5402 repetente
1804 5331 1838 5385 16
1846 5335 1989 5386 austerisO

336 5424 370 5477 19
391 5427 474 5477 cordis
498 5426 546 5488 (3¹,
570 5443 624 5475 ras.
648 5426 721 5475 σθ’
819 5423 972 5475 laboras-is
996 5423 1035 5473 0¹
1168 5420 1203 5473 ‘2o
1226 5439 1308 5474 naum
1331 5449 1364 5458 -
1383 5441 1412 5488 p.
1433 5424 1496 5484 268,
1519 5421 1588 5471 117
1608 5416 1730 5485 monada]
1748 5437 1806 5470 cum
1823 5437 1863 5486 ep.
1882 5420 1957 5471 XVI
1970 5439 1989 5471 a

335 5511 434 5563 Fausto
453 5512 489 5562 acl
501 5512 612 5562 Felicem
630 5511 693 5560 data
704 5513 766 5577 sere
783 5504 947 5560 commirans
1037 5506 1072 5558 26
1090 5506 1216 5575 coercere]
1236 5509 1374 5562 cercereO
1476 5504 1510 5558 27
1528 5504 1681 5573 marcescat]
1699 5506 1799 5572 scripsi,
1817 5515 1942 5559 marescat
1956 5507 1988 5571 G,

335 5606 474 5650 macrescat
494 5599 611 5648 Chattica
715 5595 748 5647 31
768 5598 906 5648 irascentes
927 5596 950 5647 O
1052 5593 1088 5647 35
1105 5597 1323 5663 magnanimitatis
1342 5591 1492 5662 aequalitas]
1512 5611 1550 5661 ap.
1564 5594 1594 5645 X
1598 5594 1645 5659 VI,
1661 5593 1859 5661 magnanimitas
1876 5595 1988 5661 acquali-

335 5687 432 5738 tatisG
533 5683 568 5736 39
585 5681 690 5752 duplex]
711 5683 775 5734 nihil
792 5683 912 5736 accidens
930 5683 959 5734 ia
976 5699 1016 5750 ep.
1030 5681 1105 5733 XVI
1116 5682 1179 5737 aaa
1249 5684 1317 5734 statii
1339 5683 1362 5735 G
1465 5677 1669 5748 tomitanae]
1688 5680 1835 5733 accedentia
1852 5683 1989 5749 temper-G

1709 5797 1765 5855 34*
