4462 6216
848 326 872 380 V
890 328 984 381 (1.494
1002 356 1035 366 -
1054 344 1079 379 v.
1097 327 1155 381 578.

543 499 807 585 Caesareumque
831 502 932 565 larem
955 501 1036 564 luxu
1059 509 1191 587 torpere
1217 501 1354 587 perenni

542 603 728 669 audieram:
752 604 900 669 dominos
923 605 968 669 nil
992 606 1128 690 prodest
1151 606 1217 670 isse
1240 606 1380 692 priores,

543 707 571 769 si
594 728 653 772 rex
676 707 729 771 hic
753 728 881 793 quoque
905 708 999 771 fortis
1023 706 1113 772 erat'
1158 709 1283 772 maiora
1305 716 1475 792 parantem

543 810 653 875 dicere
677 811 718 875 de
743 812 876 897 scopulo
902 811 1010 875 verbis
1034 812 1186 876 accendis
1210 815 1344 877 amaris:

474 945 489 964 ν
545 915 702 1000 ‘quisquis
727 937 773 993 es,
797 915 940 1000 oppositi
964 915 1081 980 metuis
1105 917 1159 1001 qui
1181 916 1309 982 lubrica
1332 917 1417 996 clivi,

543 1018 658 1102 frange
684 1024 792 1082 cutem
815 1016 990 1103 pendentis
1013 1039 1118 1102 aquae
1143 1021 1332 1106 scalptoque
1355 1022 1478 1086 fluento

544 1123 586 1186 sit
608 1121 667 1186 tibi
691 1121 825 1208 lympha
846 1120 979 1206 gradus.
1024 1130 1136 1208 turpes
1159 1123 1288 1209 depone
1313 1125 1480 1208 querelas:

542 1226 609 1290 otia
632 1225 732 1309 frigus
756 1225 886 1290 habent.
933 1226 1089 1313 numquid
1115 1228 1193 1291 mihi
1215 1228 1364 1292 membra
1388 1227 1535 1292 biformis

542 1329 664 1414 Hylaei
688 1336 805 1394 natura
826 1328 936 1394 dedit?
972 1351 1049 1394 num
1072 1330 1222 1415 Pegasus
1246 1332 1308 1396 alis

475 1447 512 1486 ⁵⁴³
545 1433 669 1497 adiuvit
692 1433 845 1519 quicquid
868 1433 998 1518 gradior
1020 1455 1212 1521 pennasque
1236 1436 1360 1499 volanti

544 1537 600 1601 dat
623 1536 731 1600 Calais
754 1537 921 1624 Zetusque
944 1538 1033 1618 mihi,
1058 1559 1154 1622 quem
1178 1537 1335 1623 ninguida
1359 1540 1464 1604 cernis

515 1639 524 1652 '
544 1643 725 1706 calcantem
748 1641 813 1704 iam
837 1640 933 1705 dorsa
955 1642 1043 1726 iugi?
1081 1662 1140 1705 vos
1163 1641 1287 1726 frigora
1308 1644 1472 1727 frangunt,

546 1767 602 1809 vos
625 1745 750 1830 Alpes?
774 1746 838 1808 iarn
862 1745 925 1809 iam
948 1744 1097 1810 studeam
1120 1767 1261 1832 pensare
1285 1746 1432 1831 pruinas:

545 1855 705 1914 aestatem
729 1848 789 1913 sub
813 1848 909 1933 Syrte
933 1848 1040 1916 dabo'
1086 1851 1132 1915 sic
1156 1851 1289 1935 agmina
1310 1870 1390 1915 voce

476 1994 482 2004 ι
546 1953 646 2037 erigis
670 1953 889 2038 exemploque
913 1953 1021 2021 levas:
1044 1954 1233 2039 primusque
1257 1953 1388 2018 labores

544 2057 735 2142 aggrederis
758 2077 982 2144 quoscumque
1005 2057 1117 2133 iubes;
1140 2065 1209 2122 tum
1233 2065 1344 2123 cetera
1367 2066 1461 2144 paret

545 2162 641 2226 turba
662 2161 780 2241 libens,
804 2162 903 2227 servit
926 2162 1067 2248 propriis
1091 2183 1166 2226 eum
1188 2162 1317 2246 legibus
1341 2168 1464 2228 auctor.

601 2263 664 2338 Qui
687 2264 745 2328 tibi
768 2269 940 2350 praeterea
963 2265 1099 2331 comites
1124 2272 1328 2352 quantusque
1351 2267 1509 2351 magister

546 2367 691 2446 militiae,
716 2374 859 2431 vestrum
884 2374 959 2454 post
983 2389 1040 2433 vos
1064 2368 1120 2454 qui
1143 2368 1299 2453 compulit
1322 2389 1451 2453 agmen,

477 2512 481 2523 ·
548 2471 607 2537 sed
630 2491 695 2535 non
717 2471 875 2535 invitum?
899 2472 1028 2556 dignus,
1053 2473 1105 2557 cui
1129 2471 1263 2537 cederet
1285 2472 1342 2537 uni

547 2575 640 2640 Sulla
662 2575 743 2655 acic,
767 2575 864 2660 genio
886 2574 1021 2654 Fabius,
1046 2576 1170 2661 pietate
1194 2575 1361 2640 Metellus.

546 2680 677 2772 Appius
698 2678 838 2763 eloquio,
862 2679 893 2742 vi
915 2678 1063 2757 Fulvius,
1088 2685 1158 2742 arte
1183 2676 1351 2742 Camillus.

547 2785 575 2848 si
598 2784 825 2869 praefecturae
851 2788 991 2866 quantus
1014 2781 1203 2847 moderetur
1225 2782 1382 2847 honorem

547 2889 596 2951 vir
618 2908 768 2973 quaeras,
792 2885 899 2951 tendit
921 2887 1051 2972 patulos
1075 2907 1138 2972 qua
1160 2885 1269 2950 Gallia
1291 2885 1388 2962 lines,

478 3005 501 3039 ³·
548 2991 604 3053 vix
627 2989 742 3054 hahuit
765 3008 873 3052 mores
898 2988 1032 3067 similes,
1055 2989 1106 3052 cui
1130 2994 1216 3052 teste
1241 2995 1358 3054 senatu

547 3094 580 3156 in
605 3114 640 3157 se
664 3092 763 3155 etiarn
787 3097 926 3156 tractum
950 3092 1158 3155 commiserat
1180 3090 1298 3177 leius
1323 3114 1446 3158 ensem.

548 3197 602 3280 qui
625 3194 726 3259 dictat
750 3193 845 3258 modo
869 3194 939 3258 iura
963 3193 1067 3272 Getis,
1091 3194 1152 3258 sub
1177 3193 1284 3259 iudice
1307 3202 1418 3260 vestro

549 3299 681 3384 pellitus
705 3318 816 3362 rarum
840 3317 1036 3383 praeconem
1059 3298 1197 3384 suscipit
1219 3298 1335 3365 hostis.

549 3402 626 3488 quid
649 3403 764 3487 loquar
786 3401 839 3466 hic
862 3402 963 3481 illum,
987 3401 1043 3486 qui
1066 3401 1187 3466 scrinia
1210 3423 1304 3467 sacra
1326 3403 1498 3487 gubernat,

480 3523 504 3556 ···»
551 3507 615 3591 qui,
639 3526 712 3569 cum
736 3504 840 3568 civilis
863 3504 1033 3590 dispenset
1056 3506 1156 3590 partis
1180 3505 1337 3585 habenas,

550 3610 690 3693 sustinet
713 3608 828 3672 armati
852 3629 956 3689 curas,
979 3608 1159 3694 interprete
1183 3609 1244 3673 sub
1268 3629 1331 3693 quo

550 3713 691 3778 flectitur
713 3711 753 3777 ad
777 3719 905 3776 vestras
927 3732 1009 3796 gaus
1033 3711 1135 3777 effera
1158 3711 1386 3777 condiciones?

550 3817 627 3902 quid
651 3816 784 3880 laudare
809 3815 943 3880 Petrum
967 3816 1086 3901 parvis,
1111 3817 1285 3880 temeraria
1308 3814 1390 3895 Clio,

551 3920 673 3985 viribus
697 3919 909 4005 aggrederis?
934 3920 1027 3984 cuius
1050 3918 1201 4004 dignatur
1224 3919 1264 3984 ab
1288 3941 1344 3984 ore

480 4039 504 4076 Μ
552 4025 674 4089 Caesar
697 4024 729 4088 in
753 4024 833 4089 orbe
856 4024 955 4108 loqui,
979 4023 1056 4088 licet
1079 4031 1112 4087 et
1134 4029 1309 4109 quaestore
1334 4023 1456 4088 diserto

552 4129 691 4214 polleat:
715 4133 860 4192 attamen
883 4125 936 4190 hic
958 4148 1073 4213 nuper,
1096 4126 1317 4213 placidissime
1341 4128 1503 4214 princeps,

553 4231 666 4296 obside
690 4237 845 4317 percepto
868 4238 999 4296 nostrae
1015 4230 1063 4296 dc
1088 4231 1259 4296 moenibus
1283 4232 1373 4297 urbis

550 4334 730 4399 visceribus
755 4334 883 4399 miseris
908 4334 1066 4399 insertum
1090 4333 1215 4420 depulit
1238 4356 1360 4401 ensem.

551 4446 584 4503 ct
606 4439 681 4524 quia
703 4439 833 4503 lassatis
857 4438 991 4502 nimium
1014 4459 1090 4524 spes
1114 4438 1213 4501 unica
1236 4437 1336 4502 rebus

481 4560 491 4592 ³·
507 4559 517 4592 τι
552 4542 681 4617 venisti,
706 4542 836 4622 nostris,
859 4541 1012 4626 petimus,
1037 4562 1189 4604 succurre
1213 4541 1323 4616 ruinis,

552 4645 811 4731 Lugdunumque
835 4651 934 4724 tuam,
959 4643 1035 4708 dum
1059 4645 1231 4729 praetoris,
1255 4645 1366 4730 aspice
1391 4646 1507 4709 victor:

552 4750 620 4814 otia
643 4757 718 4835 post
741 4750 857 4813 nimios
882 4749 989 4834 poscit
1012 4753 1044 4813 te
1068 4750 1172 4813 fracta
1195 4749 1338 4814 labores.

552 4853 602 4916 (rui
625 4874 740 4938 pacem
765 4851 834 4931 das,
858 4850 958 4916 redde
982 4852 1142 4915 animum:
1167 4853 1289 4915 lassata
1312 4851 1441 4917 iuvenci

289 5027 340 5079 536
362 5045 494 5078 cesareunr
513 5045 565 5093 qua
583 5027 608 5078 P
684 5027 769 5078 laxem
787 5026 816 5076 F
891 5034 992 5093 torpore
1010 5025 1044 5074 d!
1154 5023 1204 5077 537
1224 5022 1282 5091 isse]
1301 5027 1374 5077 desse
1393 5025 1425 5075 ‚ll
1536 5025 1588 5077 538
1606 5029 1643 5078 sic
1662 5027 1691 5078 P
1766 5028 1792 5077 hi
1812 5026 1844 5075 ll!

186 5116 305 5167 arserit?
364 5123 468 5182 parente
481 5114 513 5165 M
603 5112 655 5165 530
673 5114 778 5180 scupolo
792 5113 824 5163 ul!
914 5110 962 5165 541
984 5113 1115 5178 scaltoque
1134 5112 1281 5174 1155516111,
1298 5114 1446 5179 scrrlptoque
1464 5114 1546 5164 caltoc
1562 5113 1601 5162 Ta
1692 5111 1745 5164 543
1760 5114 1840 5179 siquid

185 5213 208 5254 ct
225 5200 276 5256 544
295 5210 312 5252 r'r
338 5202 362 5252 Τ
478 5199 529 5252 546
551 5199 621 5265 rnihi]
645 5217 707 5252 suas
724 5200 757 5250 Μ
841 5197 934 5266 cernis]
958 5201 1032 5251 terris
1050 5199 1075 5250 P
1193 5197 1244 5251 547
1263 5200 1445 5252 aaleautemC'
1563 5198 1615 5252 548
1633 5202 1737 5266 pruinas
1752 5201 1842 5266 rmlyo:

185 5292 273 5342 ruinas
296 5289 371 5340 codd
514 5287 564 5339 551
595 5304 744 5353 quosouquc
762 5288 787 5339 P
927 5285 978 5338 553
1002 5287 1117 5338 masister
1135 5287 1160 5336 P
1296 5284 1348 5338 554
1373 5287 1482 5337 contulit
1500 5286 1526 5336 P
1665 5284 1716 5337 555
1741 5287 1804 5353 digis
1817 5286 1846 5336 P

186 5375 238 5427 556
255 5377 321 5442 sylla
336 5376 363 5437 0,
380 5375 439 5426 silla
451 5373 558 5425 MTPP
651 5370 701 5424 557
720 5376 799 5425 fulvis
811 5375 837 5424 P
926 5373 977 5426 556
995 5381 1121 5439 quantum
1135 5375 1160 5425 P
1245 5373 1297 5425 560
1315 5375 1391 5425 moris
1409 5373 1499 5424 similis
1512 5372 1546 5422 M
1628 5369 1681 5422 563
1698 5389 1805 5424 raucum
1822 5372 1846 5421 Τ

185 5463 293 5530 suspicit
310 5462 370 5512 ΜΤ
470 5464 561 5529 hospes
579 5462 612 5511 d!
748 5459 800 5511 565
821 5462 911 5512 civiles
928 5460 963 5511 Μ
1064 5462 1193 5528 dispensat
1211 5460 1240 5511 F
1340 5461 1410 5526 pacis
1431 5459 1456 5508 Τ
1590 5456 1641 5509 566
1663 5459 1801 5524 interpell-s
1819 5458 1846 5509 P

187 5546 240 5600 570
261 5551 360 5600 deserto
374 5548 411 5611 M,
429 5550 550 5600 dioerso
566 5550 602 5599 0⁵
620 5546 659 5611 (iu
677 5547 870 5614 usurpamus?
887 5549 980 5599 diserto
991 5546 1043 5612 Ol)
1130 5543 1179 5598 571
1199 5555 1314 5598 actarueu
1327 5546 1356 5597 P
1438 5541 1490 5594 573
1506 5541 1602 5609 crrscm]
1616 5545 1715 5595 hostem
1727 5544 1841 5597 ΜΤΙΟι

185 5633 235 5688 576
253 5636 429 5700 ludunamque
449 5634 498 5698 P⁸,
516 5634 706 5701 lucduuamque
724 5632 765 5684 Pb
869 5632 920 5685 578
938 5635 982 5701 qui
1001 5634 1025 5686 0

290 5753 418 5806 Sroourus.
508 5749 520 5765 ¹
1599 5749 1634 5805 26
