4462 6216
1025 347 1162 405 SlDONIl
1180 348 1377 405 CARMINUM

742 523 925 588 Thesbiten
950 544 1023 587 cum
1046 524 1130 589 forte
1155 545 1267 590 senem
1292 526 1356 588 iam
1379 524 1550 587 flammeus
1573 522 1646 586 axis

745 628 876 693 tolleret
899 635 932 691 et
955 629 1089 692 scissam
1113 628 1263 713 linquens
1287 649 1345 712 pro
1370 647 1503 691 munere
1526 626 1647 711 pellem

745 730 892 815 hispidus
915 729 1068 794 ardentes
1092 732 1207 815 auriga
1230 732 1368 795 intraret
1391 729 1554 805 habenas;

687 848 711 884 δι’·
744 834 864 920 quique
889 835 988 898 etiem
1011 835 1142 899 Heliam
1167 835 1262 900 terris
1286 836 1424 899 missure
1448 833 1627 898 seeundum

744 938 924 1003 Zachariae
947 939 1025 1002 iusti
1048 939 1192 1023 linguam
1215 939 1346 1024 placate
1369 939 1488 1022 ligasti,

744 1041 820 1106 dum
843 1041 968 1106 faceret
991 1063 1098 1106 serum
1123 1062 1242 1127 rugosa
1265 1064 1428 1128 puerpera
1451 1047 1586 1128 patrem,

746 1145 834 1210 edita
857 1147 1045 1231 significans
1069 1148 1157 1211 iusso
1182 1148 1320 1211 reticere
1345 1145 1514 1233 propheta,

744 1249 850 1333 gratia
874 1271 946 1314 eum
969 1251 1071 1324 fulsit,
1096 1259 1209 1315 nosset
1233 1273 1267 1315 se
1291 1258 1327 1315 ut
1350 1251 1404 1315 lex
1429 1251 1618 1322 tacituram;

745 1353 865 1438 quique
890 1354 989 1418 etiam
1012 1375 1151 1418 nascens
1175 1376 1217 1418 ex
1242 1354 1369 1438 virgine
1394 1354 1518 1417 semine
1544 1352 1643 1429 nullo,

745 1462 820 1520 ante
842 1456 945 1520 ullum
970 1464 1098 1542 tompus
1121 1456 1201 1521 deus
1224 1464 1321 1543 etque
1346 1458 1379 1520 in
1402 1463 1549 1541 tempore
1575 1454 1735 1526 Christus,

745 1558 786 1624 ad
810 1580 925 1644 corpus
949 1566 1104 1645 quantum
1130 1567 1267 1646 spectat,
1291 1569 1326 1624 tu
1349 1567 1381 1624 te
1405 1561 1476 1644 ipse
1500 1560 1634 1630 creasti;

745 1663 800 1747 qui
824 1663 929 1727 visum
953 1665 1070 1744 caecis,
1094 1684 1243 1748 gressum
1266 1684 1394 1749 quoque
1419 1662 1556 1727 reddere
1580 1661 1715 1731 claudis,

746 1765 891 1829 auditum
916 1765 1032 1846 surdis,
1057 1767 1154 1829 mutis
1177 1766 1291 1830 laxare
1316 1766 1478 1850 loquelam

703 1882 713 1917 ἴ»
747 1876 859 1932 suetus
883 1868 924 1932 ad
947 1868 1009 1933 hoe
1033 1870 1132 1933 etiam
1157 1868 1284 1947 venisti,
1308 1876 1344 1932 ut
1366 1875 1494 1933 mortue
1516 1867 1665 1932 membra

746 1973 842 2052 lecto,
867 1973 1046 2059 sandapila,
1070 1973 1194 2036 tumulo
1219 1993 1417 2057 consurgere
1440 1973 1581 2057 possint;

746 2077 864 2161 quique
888 2076 986 2141 etiam
1011 2097 1133 2162 poenas
1158 2083 1314 2162 suscepta
1337 2077 1368 2140 in
1393 2096 1491 2140 carne
1514 2075 1630 2155 tulisti,

747 2185 934 2244 sustentans
957 2180 1080 2266 alapas,
1103 2180 1256 2260 ludibria,
1281 2180 1429 2259 verbero,
1453 2200 1583 2265 vepres,

748 2292 877 2362 sortem,
901 2284 1019 2363 vincla,
1043 2304 1184 2361 crucem,
1208 2283 1330 2361 clavos,
1354 2283 1410 2363 fel,
1434 2283 1571 2362 missile,
1595 2287 1735 2354 acetum,

691 2402 701 2437 ἰ)
748 2392 912 2472 postremo
936 2393 1083 2464 mortem,
1108 2385 1167 2451 sod
1191 2395 1408 2462 surrecturus,
1432 2386 1540 2459 adisti,

748 2492 890 2576 eripiens
913 2492 1067 2577 quioquid
1091 2492 1209 2556 veteris
1232 2491 1431 2575 migraverat
1454 2492 1557 2555 hostis

746 2597 778 2659 in
802 2595 852 2659 ius
875 2616 935 2680 per
956 2601 1103 2659 nostrum
1127 2595 1265 2675 facinus,
1290 2617 1363 2659 cum
1386 2596 1509 2660 femina
1531 2595 1637 2680 prima

746 2705 958 2785 praeceptum
982 2699 1113 2763 solvens
1138 2699 1234 2784 eulpa
1257 2719 1315 2762 nos
1340 2704 1475 2785 perpete
1499 2698 1620 2772 vinxit;

748 2802 913 2888 (quicum
937 2808 968 2866 te
992 2803 1126 2867 interitu
1150 2802 1244 2888 petiit
1266 2823 1327 2867 nec
1351 2802 1496 2888 repperit
1519 2802 1553 2865 iu
1577 2807 1609 2867 te

691 2945 708 2956 ·=
747 2905 833 2991 quod
856 2911 968 2991 posset
991 2906 1156 2992 proprium
1181 2905 1387 2985 convincere,
1412 2904 1555 2991 perdidit
1578 2926 1684 2983 omne,

747 3009 832 3096 quod
855 3012 949 3097 lapsu
972 3009 1065 3076 dedit
1088 3010 1160 3075 Eva
1183 3031 1257 3085 suo;
1284 3009 1525 3096 chirographon
1549 3011 1650 3089 illum,
1712 3062 1720 3071 ,

748 3135 810 3201 quo
833 3135 989 3198 pervasus
1013 3115 1110 3179 homo
1135 3121 1195 3188 cst,
1219 3114 1301 3179 haec
1325 3114 1550 3199 compensatio
1574 3115 1671 3200 rupit.

747 3239 866 3304 expers
889 3219 1017 3304 peccati
1041 3239 1098 3305 pro
1123 3218 1352 3303 peecatoribus
1375 3218 1519 3302 amplum

748 3325 786 3386 lis
809 3323 949 3408 pretium
972 3329 1185 3409 veteremque
1209 3343 1311 3387 novus
1335 3323 1405 3385 vice
1428 3321 1573 3385 faenoris
1598 3320 1703 3385 Adam

747 3426 823 3491 dum
846 3428 983 3491 moreris
1007 3427 1047 3491 de
1071 3433 1173 3492 morte
1199 3427 1300 3512 rapis.
1346 3426 1393 3491 sie
1419 3432 1547 3489 mortua
1569 3447 1654 3489 mors
1680 3432 1740 3503 cst,

747 3532 793 3595 sic
816 3552 890 3597 sese
914 3530 1052 3609 insidiis,
1075 3552 1156 3616 ques
1180 3531 1313 3609 lecerat,
1338 3531 1411 3615 ipsa
1433 3527 1561 3594 fefellit.

746 3656 820 3699 nem
844 3634 920 3698 dum
944 3633 1118 3699 indiscrete
1142 3635 1224 3719 petit
1246 3635 1477 3718 insontemque
1502 3653 1652 3717 reosque,

747 3739 824 3823 egit,
847 3743 883 3802 ut
906 3737 1030 3802 absolvi
1052 3743 1188 3823 possent
1211 3743 1245 3802 et
1268 3737 1402 3801 erimine
1426 3734 1537 3819 ucxi);

746 3843 865 3927 quique
889 3841 986 3906 otiam
1011 3841 1115 3905 iustos
1139 3839 1179 3904 ad
1203 3848 1332 3926 tempus
1357 3860 1492 3924 surgere
1516 3844 1624 3902 tecum

697 3962 701 3971 ⁴
747 3945 870 4009 iussisti
894 3945 1033 4023 cineres,
1057 3965 1130 4008 eum
1155 3944 1250 4008 tectis
1273 3949 1422 4029 tempore
1446 3942 1543 4025 longo

746 4049 862 4135 irrupit
885 4048 1005 4113 festina
1029 4048 1118 4112 salus
1142 4047 1313 4132 infusaque
1337 4045 1456 4131 raptim

746 4153 893 4218 excussit
914 4153 1047 4217 tumulis
1072 4151 1229 4216 solidatas
1253 4150 1321 4214 vita
1343 4148 1483 4224 favillas,
1510 4186 1547 4195 -

746 4255 787 4320 de
809 4255 967 4320 Faustum
989 4254 1125 4319 laudare
1149 4263 1251 4331 tuum,
1276 4253 1318 4317 de
1341 4252 1470 4317 solvere
1490 4257 1613 4336 grates,

745 4381 826 4444 quas
850 4366 883 4424 et
905 4365 980 4445 post
1002 4359 1124 4424 debere
1148 4359 1247 4422 iuvat.
1294 4365 1337 4434 te,
1362 4376 1480 4440 magne
1505 4353 1668 4433 sacerdos,

746 4462 892 4527 barbitus
916 4462 968 4526 hic
991 4469 1104 4526 noster
1125 4461 1251 4547 plectro
1277 4460 1353 4524 lieet
1377 4460 1501 4545 impare
1526 4465 1647 4523 cantet.

793 4564 887 4630 Haec
915 4565 1015 4650 igitur
1043 4566 1147 4650 prime
1171 4570 1222 4629 est
1245 4564 1297 4627 vel
1323 4583 1423 4626 causa
1449 4563 1500 4626 vel
1524 4562 1610 4625 ectio
1633 4561 1779 4637 laudum,

746 4668 833 4755 quod
856 4669 933 4733 mihi
957 4668 1115 4753 germani,
1138 4667 1215 4731 dum
1239 4665 1365 4730 lubrica
1388 4666 1530 4729 volvitur
1552 4672 1656 4742 aetas,

747 4780 895 4839 servatus
919 4781 1028 4838 tecum
1051 4773 1174 4837 domiui
1198 4792 1257 4858 per
1279 4770 1366 4834 dona
1389 4770 1546 4855 probatur

647 4951 648 4956 η
746 4899 806 4943 nee
829 4878 916 4941 fame
939 4877 1102 4941 titubante
1126 4875 1248 4961 pud0r;
1273 4882 1304 4940 tc
1328 4874 1464 4959 respicit
1488 4872 1575 4937 istud

691 4997 715 5034 ⁷⁵
747 4988 1044 5067 quantumcumque
1068 4980 1204 5054 bouum;
1229 5000 1355 5043 meroes
1379 4976 1554 5042 debebitur
1577 4977 1634 5057 illi,

479 5282 514 5333 32
538 5283 654 5334 lesbitem
673 5278 699 5329 P
834 5274 869 5328 33
893 5277 985 5328 cissam
1005 5276 1027 5326 t*
1128 5276 1220 5342 psallam
1244 5275 1408 5326 liblamoroita
1548 5272 1582 5322 36
1611 5273 1738 5323 caesariae
1763 5271 1787 5319 Τ
1886 5270 1991 5336 liguaeti
2011 5269 2036 5319 P

376 5371 410 5424 37
429 5387 527 5435 ruguse
545 5369 576 5432 P,
599 5386 693 5435 rugare
709 5365 739 5418 F
838 5361 872 5415 38
891 5363 967 5413 misso
985 5362 1015 5414 F
1114 5359 1147 5412 ‹ll
1166 5359 1235 5426 urite]
1253 5371 1330 5427 etque
1342 5360 1372 5411 F
1470 5357 1505 5409 45
1523 5359 1598 5409 etiam
1618 5357 1703 5408 rarat]
1804 5353 1838 5406 46
1857 5374 1892 5405 ait
1911 5355 2035 5423 possenti

375 5456 411 5507 50
428 5463 618 5508 resurrecturus
631 5453 656 5504 P
757 5450 791 5503 54
809 5449 953 5503 introitu?
1014 5450 1145 5516 repetiti]
1244 5448 1278 5501 bb
1296 5449 1461 5514 cyroguphou
1478 5446 1503 5496 Τ
1602 5442 1635 5497 o?
1654 5445 1750 5511 rumpit
1763 5442 1788 5492 P
1887 5442 1922 5493 66
1939 5442 2035 5493 cum0

376 5543 492 5594 morieris
514 5540 540 5590 P
640 5537 686 5605 sic]
713 5541 762 5591 sub
784 5541 806 5590 0
941 5536 973 5587 61
1002 5536 1047 5586 illa
1074 5534 1096 5584 Τ
1238 5533 1272 5586 65
1297 5534 1381 5586 insisti
1403 5532 1429 5582 P
1531 5533 1626 5598 louguc
1651 5529 1704 5580 ΡΤ
1843 5527 1877 5579 66
1901 5528 1986 5595 erupit
2009 5526 2038 5578 F

378 5626 457 5693 salus]
477 5635 577 5692 tempus
601 5627 639 5675 Τιι
