4462 6216
597 1677 1016 1826 INCIPIT
1068 1681 1382 1829 DOMN
1394 1684 1432 1825 I

402 1939 820 2087 RURIOII
870 1941 1634 2090 EPISTULARUM

699 2201 952 2321 LIBER
989 2201 1329 2322 PRIMUS.

1001 2709 1029 2777 Ι.

154 2877 166 2914 ⁵
369 2861 547 2926 DOMINO
572 2861 657 2927 SUO
681 2861 926 2928 PEOULIARI
948 2863 996 2928 IN
1021 2862 1226 2944 CHRISTO,
1249 2862 1428 2928 DOMINO
1451 2861 1662 2927 PATRONO

682 2965 861 3032 FAUSTO
884 2965 1104 3032 EPISOOPO
1128 2965 1353 3034 RURIOIUS.
1491 2970 1494 2977 '

294 3080 389 3174 Onu
409 3117 453 3190 to,
483 3110 611 3177 domiue
635 3113 689 3193 mi,
713 3110 898 3177 venerande
921 3133 959 3177 ac
982 3112 1171 3179 beatissime
1195 3113 1360 3194 sacerdos,
1389 3113 1477 3179 lama
1500 3113 1716 3180 celeberrima
1738 3135 1833 3200 prae·
1871 3120 1886 3180 1

191 3213 336 3295 dicante,
366 3217 519 3299 cognovi;
554 3216 630 3279 olim
658 3215 820 3280 desiderio
843 3216 887 3301 pii
910 3216 1030 3281 amoris
1057 3216 1181 3297 infuso,
1218 3217 1281 3282 illis
1311 3223 1343 3283 te
1371 3217 1489 3302 quibus
1520 3217 1662 3283 scribere
1691 3215 1838 3302 dignaris

191 3318 294 3381 oculis
324 3317 430 3381 cordis
462 3318 602 3396 intueor,
637 3317 695 3382 sed
724 3319 933 3384 nihilominus
964 3320 1062 3384 etiam
1093 3321 1258 3406 corporeis
1287 3320 1400 3385 videre
1430 3319 1566 3402 festino,
1597 3321 1625 3385 si
1653 3341 1717 3407 quo
1744 3321 1840 3386 modo

139 3436 165 3474 1⁰
190 3422 328 3507 possim,
364 3421 639 3487 intercedentibus
669 3422 777 3505 vobis,
810 3430 1016 3510 peccatorum
1044 3445 1191 3489 meorum
1220 3424 1351 3488 vincula
1377 3422 1596 3511 disrumpere,
1632 3424 1839 3510 acceptisque

192 3525 362 3589 columbae
386 3525 473 3588 illins
497 3526 629 3611 pennis,
657 3533 875 3591 avensntum
902 3527 1028 3612 laqueis
1056 3527 1186 3592 evolare
1213 3534 1246 3592 et
1273 3527 1440 3593 vobiscum
1469 3529 1595 3614 positus
1623 3526 1841 3592 indominica
1888 3578 1891 3583 .

191 3628 264 3713 lege
289 3629 504 3714 requiescere,
527 3636 564 3692 ut
586 3630 683 3710 sitim,
706 3650 803 3716 quam
826 3632 982 3717 opuscula
1004 3637 1115 3696 vestra
1137 3630 1275 3716 legendo
1298 3631 1445 3717 concepi,
1468 3630 1540 3717 ipse
1556 3652 1729 3717 praesens,
1748 3629 1836 3697 unde

192 3731 249 3794 illa
271 3740 443 3795 manarunt
466 3732 597 3797 uberius
620 3733 776 3798 hauriens
799 3734 1050 3820 restinguerem,
1078 3740 1116 3797 ut
1139 3733 1285 3798 caritatis
1308 3732 1505 3819 igniculum,
1534 3754 1632 3818 quem
1661 3733 1694 3796 in
1721 3732 1841 3818 tepidis

192 3834 320 3899 animae
344 3834 533 3901 dormientis
555 3837 675 3902 favillis
695 3837 896 3905 ferventibus
912 3876 980 3903 m.
997 3838 1191 3919 suscitastis,
1215 3838 1352 3924 prolatis
1368 3836 1408 3900 de
1425 3836 1591 3902 condensa
1608 3836 1841 3923 scripturarum

141 3952 165 3990 1⁵
192 3937 332 4023 pabulis,
358 3940 455 4004 vivax
478 3941 609 4005 flamma
631 3941 810 4024 roboraret,
834 3962 918 4028 quae
942 3943 1070 4028 eloquio
1094 3943 1198 4007 sancti
1222 3943 1286 4007 oris
1310 3963 1458 4023 accensa,
1488 3964 1579 4007 more
1603 3942 1667 4008 sibi
1690 3941 1785 4006 solito
1808 3940 1841 4005 in

191 4048 324 4127 pectore
355 4046 537 4129 peccatoris
567 4045 631 4108 vim
660 4050 797 4110 naturae
829 4046 973 4131 potentis
1002 4053 1174 4111 exsereret
1203 4045 1425 4111 calefaciendo
1455 4042 1589 4130 frigida,
1621 4044 1841 4109 inluminando

192 4146 369 4212 tenebrosa
391 4154 425 4212 et
456 4148 565 4234 spinas
593 4149 760 4214 criminum
789 4147 1017 4243 consumendo.
1063 4149 1263 4230 adhaesit,
1293 4151 1404 4216 doctor
1431 4148 1568 4229 eximie,
1600 4149 1727 4212 anima
1754 4169 1843 4212 mea
1874 4149 1894 4211 2

192 4261 282 4340 post
312 4261 362 4320 te.
412 4277 464 4321 me
496 4263 605 4321 autem
638 4257 793 4322 adiuvent
821 4257 987 4321 orationes
1023 4261 1115 4338 tuae,
1149 4263 1185 4320 ut
1212 4255 1351 4342 possim,
1385 4253 1521 4317 terrenis
1552 4249 1681 4316 actibus
1710 4251 1839 4337 spretis,

193 4358 391 4424 caelestibus
415 4359 555 4439 inhiare,
585 4360 662 4445 quia
685 4381 844 4446 corpus,
875 4359 975 4445 quod
999 4361 1280 4447 corrumpitur,
1309 4363 1500 4445 aggravat
1522 4355 1702 4435 animam,
1734 4361 1770 4419 ut
1793 4355 1842 4419 in-

139 4475 165 4514 20
193 4461 315 4526 clinare
350 4485 462 4527 aurem
497 4485 588 4528 suam
623 4464 665 4530 ad
700 4464 830 4529 oracula
865 4463 975 4527 divina
1007 4484 1072 4529 non
1104 4465 1224 4549 possit,
1262 4469 1298 4528 ut
1331 4462 1464 4526 domum
1502 4459 1605 4546 patris
1644 4458 1842 4523 obliviscens

191 4565 436 4651 oboediensque
461 4567 606 4631 vocantis
635 4567 771 4654 imperio
799 4566 839 4632 de
868 4574 957 4632 terra
984 4587 1044 4630 sua
1073 4573 1106 4631 et
1135 4568 1327 4652 cognatione
1355 4563 1501 4629 discedat
1524 4569 1621 4650 atque
1643 4563 1734 4627 illam
1757 4584 1842 4648 quae

192 4669 222 4731 ei
252 4667 493 4732 demonstratur
515 4670 622 4756 potins
654 4670 872 4758 concupiscat.
922 4692 986 4735 non
1016 4670 1102 4736 enim
1133 4670 1239 4735 adhuc
1269 4671 1356 4734 valet
1383 4668 1545 4754 pusillitas
1576 4673 1688 4731 nostra
1717 4672 1841 4730 metum
1874 4667 1892 4730 3

193 4772 355 4836 obnoxiae
380 4772 577 4837 condicionis
600 4775 768 4859 expellere
792 4782 825 4841 et
849 4776 975 4840 caritati
999 4775 1167 4861 perfectae
1189 4782 1328 4861 purgata
1355 4773 1454 4838 corda
1481 4791 1645 4848 reserare,
1676 4776 1712 4834 ut
1739 4771 1839 4834 relin-

198 4932 606 4939 --——.-———-—-.

295 5048 325 5100 11
353 5047 397 5102 Ps.
416 5047 485 5111 LIV,
505 5049 528 5101 7.
592 5049 636 5102 Ps.
655 5048 713 5113 XO,
731 5049 756 5104 3.
862 5051 894 5103 17
914 5052 956 5106 Ps.
975 5051 1062 5117 LXII,
1081 5053 1106 5106 9.
1211 5050 1243 5103 19
1266 5048 1459 5118 Sap.1x‚15.
1564 5046 1599 5100 20
1623 5045 1666 5100 Ps.
1684 5044 1781 5110 XLIV,
1800 5047 1842 5100 ll.

192 5134 224 5186 21
245 5133 314 5188 Oen.
333 5133 395 5197 XII,
414 5137 438 5190 1.

294 5291 310 5343 4
336 5290 357 5358 ll
379 5295 480 5344 numeri
505 5293 633 5344 demrrtG
754 5291 848 5345 'lolim
869 5322 900 5330 -
923 5292 940 5345 8
958 5293 1078 5364 cognoui]
1099 5317 1131 5339 =
1149 5295 1250 5346 Ruricii
1267 5312 1306 5361 ep.
1323 5293 1348 5357 I,
1367 5297 1404 5356 16,
1421 5291 1462 5353 §1
1584 5289 1601 5341 8
1624 5289 1686 5359 illis]
1705 5309 1718 5343 s
1735 5309 1755 5343 s.
1771 5290 1787 5341 l.
1803 5290 1841 5342 0¹

192 5378 222 5429 11
247 5381 333 5446 pinnis
355 5381 378 5430 G
458 5381 546 5447 positis
567 5381 589 5430 0
707 5378 741 5431 12
763 5378 827 5447 ipse]
847 5380 1005 5448 Ia'ltjolsoua,
1028 5384 1083 5451 ipso
1104 5383 1127 5435 0
1247 5379 1280 5432 13
1298 5374 1495 5445 restinguerem]
1515 5395 1528 5428 s
1545 5395 1600 5444 exp.
1623 5377 1661 5428 0¹
1743 5378 1843 5430 caritati

192 5467 349 5532 siguiculum
370 5466 408 5516 0¹
479 5483 556 5532 quern
578 5466 600 5516 O
710 5464 744 5517 14
760 5468 881 5532 suppleas
898 5468 1032 5519 scintillis:
1050 5472 1084 5536 cs.
1095 5472 1169 5537 infra
1188 5468 1230 5531 II,
1248 5472 1281 5518 26
1349 5467 1478 5518 condensa
1495 5461 1842 5531 seripturarumld,cfi1s.

191 5553 225 5615 X,
238 5556 287 5604 34:
305 5555 488 5605 subuertentur
506 5553 636 5604 condensa
653 5554 735 5604 saltus
835 5552 867 5604 15
884 5555 1024 5621 pepulisti
1121 5555 1155 5607 18
1172 5554 1332 5608 orationisG
1434 5550 1470 5604 20
1486 5560 1572 5603 autem
1589 5569 1637 5603 sua
1652 5551 1701 5614 0¹,
1719 5568 1785 5602 corr.
1800 5551 1843 5602 θ’

190 5636 357 5707 obliuiscens]
376 5640 476 5706 scripsi,
494 5639 590 5691 obliuio
605 5639 628 5690 c
731 5637 764 5691 21
783 5636 909 5708 uocantis]
928 5658 945 5692 n
959 5659 979 5693 a.
993 5644 1010 5695 l.
1023 5642 1063 5695 θ’
1132 5644 1277 5711 cognitione
1298 5642 1321 5694 Θ

1581 5752 1637 5810 381
