4462 6216
796 373 904 430 muna
921 372 1225 445 illinit-'ML
1777 381 1837 443 111

185 549 391 637 publicorum
415 569 505 614 arma
527 548 680 614 remorati
702 553 794 624 sunt;
818 549 869 614 cui
893 570 994 636 saepe
1017 548 1140 635 populo
1157 546 1284 613 Gothus
1308 570 1374 614 non
1396 548 1457 614 fuit
1480 550 1592 615 clauso
1615 549 1701 615 intra
1715 550 1846 616 moenia

186 653 362 734 formidini,
386 675 459 719 eum
482 653 627 718 vicissim
652 654 724 740 ipso
747 654 841 718 fieret
864 653 1146 740 oppugnatoribus
1169 653 1286 738 positis
1308 654 1395 718 intra
1417 658 1526 717 eastra
1542 654 1670 719 terrori.
1707 653 1741 718 hi
1757 659 1843 733 suut,

186 757 240 841 qui
272 755 333 820 sibi
364 756 523 821 advorsus
550 757 730 822 vicinorum
760 757 864 821 aciem
888 762 955 820 tarn
978 755 1080 821 duces
1103 755 1195 820 fuere
1218 777 1316 842 quarn
1338 756 1477 831 milites;
1510 755 1551 845 de
1574 776 1712 842 quonum
1734 763 1844 822 tamma

188 866 276 925 sorte
300 861 516 925 certaminum
540 860 568 924 si
591 859 667 946 quid
683 880 876 946 prosperum
895 860 1003 939 cessit,
1026 881 1086 925 vos
1103 859 1248 925 secunda
1265 860 1372 924 solata
1387 867 1474 939 sunt,
1497 861 1523 923 si
1540 859 1617 946 quid
1634 861 1844 941 sonnatium,

145 989 157 1024 s
185 963 258 1028 illos
293 963 434 1029 adversa
463 963 641 1049 fregerunt.
686 964 733 1028 illi
760 984 870 1029 amora
901 964 948 1029 rei
972 962 1124 1050 publicae
1148 962 1344 1029 Seronatum
1373 963 1523 1029 barbaris
1551 964 1735 1051 provincias
1765 986 1841 1052 pro·

188 1067 356 1154 pinantem
379 1089 444 1132 non
476 1067 654 1132 timuerunt
683 1066 813 1152 legibus
844 1067 991 1149 tradere,
1023 1090 1119 1154 quem
1151 1069 1335 1135 convictum
1366 1067 1522 1156 deinceps
1549 1068 1759 1154 respublica
1787 1068 1843 1134 rix

186 1172 408 1257 praesumpsit
435 1170 596 1238 occidere.
641 1169 778 1236 hoccine
800 1179 991 1238 meruerunt
1013 1173 1123 1260 inopia
1145 1173 1291 1254 flamma,
1322 1173 1442 1238 ferrum
1466 1174 1672 1261 pestilentia,
1703 1173 1842 1260 pingues
1874 1174 1893 1234 3

186 1274 345 1340 caedibus
384 1274 485 1360 gladii
520 1282 554 1340 et
584 1275 685 1339 maeri
721 1275 850 1340 ieiuniis
890 1277 1129 1362 proeliatores?
1182 1285 1318 1363 propter
1350 1276 1447 1341 huius
1481 1282 1548 1341 tam
1581 1276 1714 1342 inclitae
1749 1276 1842 1363 pacis

187 1378 452 1464 expectationem
475 1378 608 1442 avulsas
630 1378 810 1443 muralibus
832 1379 923 1444 rimis
946 1379 1068 1446 herbas
1091 1380 1125 1445 in
1149 1381 1258 1446 cibum
1281 1380 1452 1460 traximus,
1476 1379 1593 1446 crebro
1615 1401 1676 1466 per
1689 1381 1842 1465 ignoran-

133 1505 158 1542 ro
186 1483 263 1547 tiam
297 1482 469 1547 venenatis
505 1481 705 1566 graminibus
735 1481 863 1562 iniecti,
901 1504 986 1568 quae
1019 1483 1207 1549 indiscretis
1236 1483 1324 1549 soliis
1356 1485 1507 1568 sucisque
1537 1483 1713 1549 viridantia
1743 1503 1842 1570 saepe

184 1606 300 1650 manus
335 1584 422 1650 fame
457 1585 608 1649 concolor
642 1585 741 1670 legit?
786 1606 844 1673 pro
879 1585 931 1650 his
965 1591 1012 1651 tot
1046 1588 1210 1673 tantisque
1244 1587 1427 1653 devotionis
1463 1587 1698 1674 experimentis
1731 1587 1842 1667 nostri,

185 1695 341 1775 quantum
369 1687 484 1769 audio,
514 1688 603 1753 lacta
629 1689 754 1753 iactura
776 1695 848 1754 est?
893 1689 1016 1777 pudeat
1037 1711 1112 1772 vos,
1143 1711 1326 1778 precamur,
1357 1691 1454 1755 huius
1477 1690 1637 1770 foederis,
1667 1710 1729 1756 nec
1751 1689 1842 1755 utilis
1874 1694 1893 1753 1

185 1812 245 1856 nec
268 1791 389 1857 decori.
429 1813 487 1878 per
510 1813 568 1855 vos
591 1792 776 1877 legationes
799 1799 925 1865 meant:
948 1794 1043 1859 vobis
1066 1795 1207 1880 primum
1231 1816 1297 1882 pax
1320 1814 1518 1881 quamquam
1538 1794 1686 1881 principe
1704 1794 1843 1858 absente

184 1916 248 1960 non
272 1896 378 1960 solum
401 1901 543 1960 tractata
566 1902 743 1975 reseratur,
766 1915 878 1960 verum
902 1897 1001 1961 etiam
1024 1897 1197 1962 tractanda
1220 1899 1438 1964 committitur.
1477 1897 1649 1963 veniabilis
1666 1897 1717 1979 sit,
1740 1917 1841 1982 quae·

132 2022 157 2058 n
186 2020 309 2080 sumus,
333 1998 420 2085 apud
443 2020 539 2065 aures
556 2006 682 2064 vestras
698 1999 848 2065 veritatis
872 2001 1043 2086 asperitas,
1067 2001 1119 2066 cui
1143 2002 1280 2066 convicii
1303 2001 1457 2066 invidiam
1474 2000 1567 2067 dolor
1582 2000 1686 2084 eripit
1724 2019 1839 2084 parum

184 2104 216 2167 in
245 2124 418 2169 commune
452 2104 637 2179 consulitis;
672 2109 719 2184 et,
749 2124 822 2168 cum
846 2104 879 2168 in
903 2105 1074 2170 concilium
1098 2106 1297 2184 convenitis,
1328 2126 1394 2169 nou
1417 2110 1484 2169 tam
1508 2122 1604 2168 curae
1628 2110 1679 2168 est
1700 2101 1841 2190 publicis

183 2206 308 2273 mederi
336 2207 494 2293 perieulis
523 2227 619 2292 quam
651 2207 787 2294 privatis
816 2207 949 2272 studere
979 2207 1133 2281 fortunis;
1166 2207 1251 2293 quod
1275 2208 1387 2293 utique
1412 2228 1513 2294 saepe
1536 2205 1658 2292 diuque
1680 2205 1840 2270 facientes

183 2311 249 2375 iam
271 2331 337 2375 non
361 2310 455 2397 primi
481 2310 803 2398 comprovincialium
826 2311 982 2397 coepistis
1007 2332 1090 2391 esse,
1114 2310 1173 2376 sed
1190 2311 1307 2378 ultimi.
1345 2319 1380 2376 at
1395 2330 1567 2397 quousque
1583 2310 1669 2375 istae
1682 2311 1839 2395 poterunt
1872 2310 1892 2369 5

182 2413 300 2479 durare
330 2413 553 2499 praestigiae?
598 2435 663 2479 uon
691 2415 778 2480 enirn
808 2413 931 2479 diutius
960 2413 1023 2501 ipsi
1054 2414 1194 2480 maiores
1224 2414 1328 2479 nostri
1354 2413 1417 2479 hoe
1449 2414 1579 2478 nomina
1602 2410 1840 2498 gloriabuntur,

129 2538 156 2578 sc
182 2517 238 2602 qui
270 2517 415 2582 minores
448 2516 609 2604 incipiunt
642 2538 708 2582 uon
742 2516 876 2582 habere.
929 2524 1129 2603 quapropter
1161 2518 1214 2582 vel
1249 2517 1400 2595 consilio,
1434 2537 1499 2603 quo
1530 2516 1684 2603 potestis,
1719 2520 1841 2579 statum

183 2618 374 2685 concordiae
398 2626 464 2683 tam
489 2621 593 2706 turpis
616 2620 761 2687 incidite.
800 2620 916 2703 adhuc,
941 2621 969 2685 si
992 2642 1130 2687 necesse
1155 2628 1215 2703 est,
1242 2620 1398 2700 obsideri,
1423 2620 1529 2686 adhue
1551 2640 1710 2706 pugnare,
1733 2617 1840 2684 adhuc

183 2724 307 2791 esurire
338 2723 492 2791 delectat.
537 2725 666 2790 sivero
698 2725 866 2806 tradimur,
897 2725 951 2810 qui
981 2745 1046 2790 non
1073 2724 1237 2812 potuimus
1260 2725 1383 2790 viribus
1407 2723 1561 2803 obtineri,
1594 2723 1758 2787 invenisse
1782 2740 1840 2785 vos

183 2832 307 2892 certum
339 2833 390 2893 cst
418 2827 496 2914 quid
526 2828 700 2894 barbarum
731 2829 912 2895 suaderetis
943 2829 1062 2913 ignavi.
1108 2828 1166 2893 sed
1197 2849 1255 2893 cur
1283 2829 1387 2894 dolori
1418 2828 1517 2894 nimio
1544 2827 1638 2892 frena
1668 2827 1839 2891 laxamus?
1870 2827 1890 2887 6

182 2930 259 3016 quin
290 2931 399 3016 potius
431 2932 590 3017 ignoscite
621 2933 751 2998 afflictis
783 2954 842 2998 nec
873 2933 1032 3019 imputate
1056 2932 1289 2997 maerentibus.
1336 2953 1475 3019 namque
1507 2931 1571 2996 alia
1594 2928 1691 3016 'regio
1720 2928 1839 2994 tradita

130 3056 156 3096 as
183 3034 350 3099 servitium
383 3041 509 3122 sperat,
539 3034 691 3102 Arverna
719 3037 928 3124 supplicium.
972 3057 1051 3103 sane
1082 3036 1110 3101 si
1138 3035 1297 3101 medicari
1326 3037 1446 3101 nostris
1475 3035 1600 3100 ultimis
1623 3055 1689 3100 uon
1710 3033 1838 3113 valetis,

183 3139 301 3203 saltem
325 3138 388 3204 hoc
412 3139 533 3205 efficite
556 3161 656 3227 prece
681 3139 806 3219 sedula,
830 3148 866 3206 ut
882 3140 1016 3226 sanguis
1034 3139 1134 3223 vivat,
1159 3159 1293 3226 quorum
1311 3146 1362 3204 est
1377 3139 1534 3205 moritura
1550 3139 1701 3214 libertae;
1725 3141 1839 3223 parate

183 3241 336 3308 exulibus
366 3247 503 3323 terram,
535 3242 703 3330 capiendis
730 3243 1007 3330 redemptionem,
1036 3244 1191 3311 viaticum
1222 3233 1493 3330 peregrinaturis.
1538 3241 1566 3308 si
1589 3262 1700 3307 murus
1727 3243 1839 3306 noster

182 3345 328 3431 aperitur
360 3346 526 3428 hostibus,
564 3368 629 3413 nou
665 3348 707 3413 sit
743 3349 875 3413 clausus
904 3354 1015 3414 vester
1048 3346 1244 3434 hospitibus.
1294 3367 1419 3412 mernor
1451 3346 1554 3413 nostri
1587 3365 1661 3412 esee
1689 3343 1838 3431 dignare,

182 3447 313 3515 domine
337 3470 433 3537 papa.

962 3670 1058 3739 VIII.

446 3822 658 3890 SIDONIUS
682 3824 862 3891 DOMINO
885 3823 1035 3891 PAPAE
1058 3823 1328 3892 EUPHRONIO
1354 3825 1575 3892 SALUTEM.

290 3955 549 4065 Qusnuoemnsu
571 4009 624 4054 me
649 3989 810 4054 clericalis
834 3989 933 4054 oflicii
955 3989 1087 4055 vincula
1108 3989 1222 4075 ligant,
1245 3989 1473 4055 felicissimum
1495 3988 1728 4055 mediocritatis
1743 4007 1836 4053 meaa
1871 3991 1885 4052 1

181 4095 302 4155 statum
336 4092 595 4178 pronuntiarem,
634 4094 662 4158 si
692 4095 786 4159 nobis
821 4092 1023 4160 haberentur
1055 4114 1152 4179 quam
1183 4093 1348 4158 territoria
1377 4093 1483 4158 vicina
1513 4098 1580 4157 tam
1610 4091 1748 4158 moenia.
1793 4089 1835 4156 de

180 4195 323 4262 minimis
353 4194 508 4261 videlicet
539 4196 638 4264 rebus
671 4219 824 4266 coronam
853 4204 944 4264 tuam
971 4197 1191 4283 maximisque
1223 4197 1444 4276 consulerem,
1478 4195 1639 4281 fieretque
1671 4194 1836 4260 cononum

182 4351 465 4360 —--.—-—--—-
472 4355 593 4363 ῃ

286 4472 299 4525 1
319 4477 478 4557 remqmorati
497 4475 538 4527 F¹
617 4476 705 4528 clausu
725 4476 747 4528 0
862 4471 879 4526 2
896 4475 1049 4528 tem-ori·
1067 4471 1099 4539 (it
1115 4481 1139 4526 ct
1158 4474 1167 4526 i
1184 4483 1212 4526 at
1229 4493 1254 4527 c.
1272 4491 1339 4527 eron
1360 4474 1408 4541 0¹)
1428 4473 1452 4525 0
1525 4472 1563 4524 hii
1581 4471 1610 4523 F
1716 4468 1837 4522 dcent·-

181 4593 279 4646 minum
294 4594 317 4645 0
374 4611 523 4663 prosporum
541 4592 572 4658 (u
588 4595 617 4646 in
633 4613 688 4650 roa.
701 4596 735 4647 Μ
739 4595 760 4664 ¹)
772 4595 807 4647 Μ
907 4593 924 4646 5
941 4611 962 4648 r.
975 4594 1037 4662 μί’
1095 4595 1235 4662 provintias
1247 4593 1276 4645 F
1372 4592 1390 4644 6
1407 4591 1528 4645 delnoebs
1542 4591 1566 4643 0
1661 4588 1679 4641 8
1695 4590 1784 4641 macrii
1795 4587 1837 4640 F¹

181 4726 233 4767 tam
250 4717 351 4783 scripti,
375 4725 461 4769 umen
478 4716 561 4769 MOF
695 4713 730 4768 10
746 4715 908 4786 giaminibus
925 4714 965 4779 Μ,
988 4714 1150 4783 ςιὶιιιίιιὶὴιιι
1170 4715 1192 4767 0
1292 4713 1427 4780 suchsquu
1447 4712 1471 4764 0
1515 4771 1518 4776 ¹
1605 4709 1637 4762 11
1656 4711 1737 4763 nocui
1753 4711 1838 4778 vulgo,

77 4833 84 4847 ’
181 4838 275 4890 nocuis
293 4836 375 4888 Μθὶἵ
476 4835 510 4888 12
527 4839 637 4891 foederis
656 4837 680 4906 (r
697 4839 725 4892 in
742 4855 796 4892 rar.
818 4837 865 4902 0¹)
886 4837 909 4890 0
1009 4833 1042 4887 13
1060 4852 1207 4902 quanquam
1225 4834 1255 4886 F
1360 4830 1394 4884 14
1412 4838 1558 4884 reserentur
1576 4829 1605 4897 (n
1622 4848 1688 4883 erar.
1706 4830 1738 4881 Μ
1745 4829 1767 4898 ¹)
1784 4830 1840 4883 ΜΟ

181 4956 387 5063 cqmittunturO
435 4955 611 5037 quaesumusl-
622 4957 651 5024 qs
665 4958 715 5010 OF
799 4957 832 5012 15
849 4966 913 5027 aput
924 4956 953 5009 F
1000 4957 1076 5010 cuius
1091 4956 1141 5009 CF
1188 4955 1294 5008 conmtii
1306 4952 1335 5005 F
1382 4953 1458 5021 eripit
1478 4953 1530 5019 fiir.
1547 4953 1636 5005 ieorr.
1648 4968 1680 5003 eu
1691 4968 1710 5003 u
1723 4951 1758 5003 Μ
1763 4951 1784 5008 ²)
1797 4951 1837 5017 Μ,

181 5036 263 5145 alna
281 5077 318 5129 σι
450 5076 483 5130 rc
501 5042 614 5132 coronal
628 5079 684 5145 m,
706 5080 815 5133 enemo
835 5080 859 5132 c
951 5086 990 5154 aa
1011 5095 1061 5132 aa.
1079 5077 1135 5129 ne
1262 5073 1294 5127 ιι
1313 5075 1437 5127 aeonas
1459 5074 1556 5140 araque
1576 5072 1599 5125 c
1725 5071 1760 5124 rs
1777 5088 1837 5125 cou-

181 5199 377 5266 provinciulium
398 5198 425 5261 0,
445 5200 694 5267 comprovintialium
712 5199 742 5251 F
823 5201 869 5254 sed
886 5156 960 5252 ultiml
970 5199 1004 5251 Μ
1007 5198 1026 5264 ¹,
1042 5197 1126 5251 seduli
1146 5197 1174 5262 θ,
1191 5206 1213 5246 ὓ
1228 5195 1313 5247 ultimi
1330 5194 1360 5246 F
1443 5198 1490 5245 aut
1507 5192 1564 5245 Mo
1680 5188 1717 5243 20
1733 5191 1838 5244 minoris

181 5318 239 5383 (alt.
251 5321 260 5371 i
273 5337 340 5371 eorr.
356 5320 384 5370 ia
396 5335 410 5372 e
422 5318 456 5368 M
460 5318 480 5384 ¹)
494 5319 551 5370 ΜΟ
642 5317 677 5371 23
694 5318 846 5388 suaderetis]
865 5321 1022 5374 adlevarstls
1033 5319 1176 5371 Mommcen
1267 5314 1302 5368 24
1314 5314 1465 5399 impunitate
1476 5314 1499 5365 0
1504 5315 1512 5346 ¹
1570 5313 1745 5367 maerentibus
1757 5311 1841 5364 ΜΟ

179 5437 215 5490 25
232 5440 370 5493 servicium
384 5440 407 5492 0
465 5441 617 5509 supplitimn
629 5439 659 5492 F
750 5438 785 5492 26
802 5440 923 5494 saltimC'
1014 5437 1050 5491 28
1066 5456 1123 5491 esw
1137 5439 1243 5506 dignare
1255 5438 1357 5490 domiuo
1371 5452 1438 5505 papa
1449 5452 1499 5489 orn.
1509 5433 1592 5486 MOF
1680 5432 1717 5484 30
1733 5433 1837 5485 domino

180 5577 229 5613 oar.
241 5561 271 5613 F
334 5563 507 5616 EVFRONIO
521 5562 567 5614 FO
623 5562 732 5615 salutem
744 5579 793 5615 cnr.
803 5561 833 5613 F
924 5558 958 5613 31
977 5577 1049 5613 mese
1060 5561 1144 5613 ora.P
1239 5557 1274 5612 32
1291 5558 1487 5627 pronunciarent
1499 5555 1580 5608 LMO
1639 5563 1692 5609 tum
1703 5571 1772 5607 ereo.
1780 5552 1814 5605 Μ
1817 5554 1838 5621 ¹,

181 5700 229 5735 om.
240 5683 273 5749 P,
288 5639 306 5750 d
323 5682 348 5735 F
446 5680 481 5736 33
498 5683 629 5738 vidallicet
645 5683 670 5737 L
