4462 6216
285 1570 582 1691 INDEX
619 1569 1124 1690 VERBORUM
1167 1571 1278 1687 ET
1316 1569 1923 1693 LOCUTIONUM

1028 1766 1190 1822 scmrsrr
1864 1814 1868 1821 ,

852 1902 1154 1978 EDUARDUS
1182 1903 1370 1979 GRUPE.

1037 2084 1190 2092 .—

394 2235 431 2324 ln
460 2263 553 2324 indice
584 2266 641 2325 hoc
668 2263 848 2324 conficiendo
878 2269 993 2340 praeter
1019 2264 1053 2324 P.
1076 2262 1180 2323 Molirii
1210 2262 1342 2322 libellum
1373 2262 1443 2322 scite
1465 2261 1661 2340 compositum
1686 2262 1741 2321 ‘Zu
1761 2262 1943 2339 Apollinaris

283 2367 433 2426 Sidonius'
458 2365 609 2425 Bremerlr.
631 2366 712 2424 1886
735 2384 807 2424 usus
831 2384 898 2424 sum
914 2366 1139 2426 Kretsclunanni
1163 2365 1359 2442 disputatione
1383 2366 1435 2425 ‘De
1450 2365 1607 2425 Latinitate
1622 2365 1656 2425 G.
1673 2364 1744 2423 Selli
1761 2363 1945 2441 Apollinaris

283 2469 395 2528 Sidoni*
410 2490 436 2529 a.
457 2468 672 2527 lam-1872
695 2468 724 2527 in
749 2468 846 2527 lucem
868 2467 985 2529 emissa.
1030 2469 1175 2547 Congessi
1198 2475 1296 2529 aretem
1319 2488 1355 2528 ex
1371 2468 1502 2545 epistulis
1518 2467 1757 2544 carminibusque
1770 2465 1884 2528 Sidonii
1901 2464 1945 2547 (et

283 2571 428 2643 similiter,
459 2591 641 2649 quamquam
669 2572 769 2631 minus
797 2572 908 2648 ample,
938 2592 974 2631 ex
1004 2570 1137 2650 epistulis
1168 2570 1279 2644 Fausti,
1311 2570 1433 2644 Ruricii,
1465 2568 1642 2651 ceterorum)
1673 2570 1774 2630 omnia
1800 2590 1836 2629 ea
1864 2589 1943 2646 quae

282 2682 353 2752 apta
368 2677 507 2752 putabam
531 2676 568 2735 ad
583 2695 752 2736 sermonem
767 2673 999 2751 indagandum·
1011 2674 1115 2747 rarius,
1139 2695 1177 2733 ne
1191 2673 1286 2733 iuutili
1302 2675 1379 2734 mole
1395 2672 1520 2734 indicem
1537 2693 1701 2746 onerarem,
1726 2671 1942 2751 proprietatum

282 2780 418 2857 exempla
433 2781 578 2857 quaedam
595 2779 747 2858 composui
763 2779 845 2839 nullo
861 2777 980 2855 negotio
995 2778 1141 2856 augenda.
1179 2776 1351 2837 decoratius
1368 2784 1467 2837 autem
1483 2797 1551 2837 cum
1568 2776 1632 2837 aliis
1648 2784 1711 2837 tum
1727 2775 1941 2854 particularum

284 2882 349 2941 usui
372 2903 408 2942 ex
431 2883 530 2943 lexicis
553 2884 661 2944 nostris
685 2883 764 2942 haud
786 2882 869 2942 facile
891 2882 1074 2941 enucleando
1104 2901 1224 2959 operam
1248 2882 1376 2941 dandam
1400 2901 1466 2941 esse
1488 2880 1660 2941 existimavi.
1705 2878 1836 2939 Omnino
1859 2877 1942 2938 eninr

284 2985 312 3044 id
335 2985 405 3044 milii
430 2987 610 3064 propositum
635 2993 706 3060 erat,
730 2992 762 3046 ut
785 3005 844 3046 non
870 2991 930 3044 tam
947 2985 1090 3044 voeabula
1105 3003 1267 3062 uricupurer
1289 2992 1376 3060 atque
1398 2984 1500 3043 ordine
1515 2984 1713 3062 disponerem,
1737 3002 1828 3059 quam
1851 2980 1882 3040 in
1908 3001 1944 3040 ea

284 3087 462 3165 inquirerem
479 3110 555 3167 quac
569 3091 606 3150 ad
622 3089 734 3151 Sidonii
751 3109 846 3167 genus
862 3088 975 3149 dicendi
992 3088 1162 3166 singillatim
1180 3087 1385 3148 illustrandum
1402 3088 1608 3149 conducerent.
1647 3088 1729 3160 Quae
1745 3084 1889 3145 voeabula
1905 3084 1943 3143 ad

285 3212 347 3252 rem
371 3193 518 3270 publicam
543 3194 697 3271 pertinent,
722 3193 811 3253 veluti
835 3198 964 3262 illustris,
983 3196 1157 3266 spectabilis,
1176 3196 1356 3260 clarissimus,
1382 3214 1442 3259 rex,
1464 3196 1606 3265 princeps,
1629 3195 1796 3265 praelectus,
1815 3192 1943 3262 praefec-

285 3300 373 3355 torius
395 3303 466 3370 ete.,
498 3297 605 3374 quibus
634 3297 662 3357 in
686 3296 901 3375 cognoscendis
924 3296 1182 3372 discernendisque
1204 3297 1332 3356 multum
1355 3295 1499 3355 momenti
1522 3295 1618 3355 inesse
1640 3293 1806 3365 videbatur,
1836 3311 1942 3352 eorum

285 3420 374 3477 quam
398 3401 524 3479 plurima
547 3401 661 3479 collegi.

394 3504 501 3564 Uneis
525 3504 629 3566 inclusi
651 3507 791 3584 leguntur
816 3525 922 3567 omnes
945 3505 963 3566 ii
985 3505 1055 3579 loci,
1084 3504 1134 3583 qui
1158 3526 1219 3565 non
1242 3525 1277 3565 ex
1301 3503 1412 3565 Sidonii
1435 3503 1573 3581 operibus
1595 3500 1720 3579 excerpti
1744 3507 1823 3571 sunt,
1853 3507 1944 3577 atque

284 3606 488 3684 significantur
512 3609 614 3669 titteris
630 3609 724 3683 Caes,
749 3611 792 3684 E,
817 3611 859 3683 F,
884 3611 929 3682 G,
954 3611 996 3683 L.,
1021 3610 1064 3682 Ρ.,
1089 3609 1135 3682 R,
1160 3609 1201 3680 S.,
1226 3608 1271 3681 T,
1288 3607 1322 3667 ll.
1341 3606 1481 3683 epistulae
1498 3605 1635 3679 Caesarii,
1652 3603 1786 3677 Eutresii,
1803 3603 1942 3675 Fausti,

285 3710 397 3784 Graeci,
421 3711 530 3785 Lucidi,
555 3712 680 3787 Paulini,
703 3713 852 3786 Ruricii,
878 3713 985 3786 Sedati,
1010 3712 1152 3785 Terentii,
1176 3711 1324 3783 Victorini,
1348 3710 1450 3770 litteris
1470 3710 1513 3770 Cl.
1530 3709 1654 3787 epistula
1668 3709 1718 3769 illa
1733 3706 1942 3779 Claudiani,

285 3834 361 3892 quae
383 3817 546 3876 seeundum
569 3823 648 3877 tenet
670 3818 767 3878 locum
791 3817 820 3877 in
843 3816 955 3877 Sidonii
978 3816 1168 3894 epistularum
1191 3815 1265 3876 libro
1289 3814 1335 3888 lv,
1361 3813 1461 3874 veluti:
1485 3818 1554 3887 [non
1567 3817 1636 3872 velis
1649 3840 1681 3863 =
1694 3815 1945 3884 nolisR.&'t)‚19],

286 3913 446 3983 [undeunde
464 3916 504 3971 cl.
523 3916 621 3985 eam.
