4462 6216
1011 369 1217 426 annosam.
1873 383 1943 433 XLV

395 548 426 612 3.
450 544 628 630 Gregorius
644 542 845 608 Turonensis
868 543 902 606 in
925 541 1081 609 historiae
1098 543 1298 610 Francorum
1322 547 1493 614 absolutae
1511 571 1596 614 anno
1611 553 1672 613 594
1697 550 1781 614 libro
1798 550 1942 615 seeundo

283 672 313 716 e.
330 653 460 714 21-23
484 650 567 714 hoco
591 653 703 712 narrat
726 645 767 711 do
792 645 940 711 Sidonio:

419 754 486 835 Quo
509 751 687 838 (Eparchio
711 751 866 836 episeopo
896 749 983 835 apud
1006 749 1186 836 Arvernos)
1213 753 1368 834 nviqrantc
1396 753 1549 818 Sidonius
1577 775 1615 817 ee
1635 754 1797 835 praefecto
1826 756 1942 820 substi-

415 857 528 933 tuitur,
556 856 607 918 vir
632 854 804 917 seeundum
824 851 944 916 saeculi
965 852 1150 934 dvqnitatcrn
1171 855 1385 919 nobilissimam
1407 862 1437 920 et
1457 857 1494 921 de
1510 858 1629 938 primis
1647 857 1829 923 Gallionem
1849 880 1941 923 sena·

415 961 544 1037 toribrm,
562 959 609 1022 ita
625 963 662 1020 ut
672 956 774 1037 filiam
788 957 849 1020 sibi
859 956 951 1019 Aviti
963 957 1163 1039 insperatoris
1177 959 1213 1022 in
1227 961 1428 1025 nzatrirnonio
1444 963 1577 1025 sociaret
1594 1012 1600 1025 .
1615 1012 1622 1026 .
1637 1013 1644 1025 .
1669 962 1710 1047 (c.
1725 963 1780 1046 22)
1804 963 1942 1028 Sanetus

411 1084 482 1128 vero
512 1062 663 1128 Sidonius
695 1065 804 1123 tctntae
834 1059 1007 1140 facundiae
1037 1066 1118 1138 erat,
1154 1068 1192 1124 ut
1217 1061 1404 1145 plerumque
1432 1086 1471 1127 ea
1498 1066 1666 1145 improviso
1695 1064 1941 1138 lrurvmntissime

414 1188 495 1248 qvmc
520 1166 681 1242 croluissct,
712 1162 804 1227 nulla
837 1163 1000 1227 obsistente
1026 1184 1129 1241 mora,
1157 1172 1359 1244 componeret.
1415 1167 1552 1250 Gontipit
1580 1176 1687 1233 aretem
1713 1172 1853 1250 quadam
1882 1173 1940 1248 dic,

414 1277 451 1334 ut
473 1271 517 1333 ad
537 1269 738 1350 festivitatum
760 1266 909 1331 basilicae
931 1267 1126 1344 cremasterii,
1155 1269 1209 1331 cui
1230 1290 1330 1348 supna
1351 1273 1566 1348 vncnrinimus,
1594 1274 1751 1337 invitatus
1772 1275 1939 1350 accederet,

414 1375 578 1454 abiectoque
599 1373 661 1435 sibi
682 1371 826 1451 nequiter
848 1369 947 1433 libello
962 1391 1024 1449 per
1045 1392 1135 1450 quem
1158 1379 1361 1437 sacrosancta
1376 1374 1539 1439 sollemnia
1554 1398 1644 1458 apere
1659 1383 1869 1455 emanaverat,
1892 1378 1941 1439 ita

407 1484 549 1558 quantus
564 1497 585 1538 a
600 1482 734 1555 ternpore
748 1478 896 1537 cunctam
917 1472 1101 1552 festivitatis
1121 1494 1201 1553 opus
1222 1475 1382 1554 applicuit,
1405 1482 1443 1561 ut
1464 1478 1503 1542 ab
1519 1480 1662 1543 orandus
1677 1482 1860 1558 miraretur,
1883 1501 1940 1543 nee

407 1585 582 1662 metaretur
603 1579 643 1642 ab
665 1577 867 1640 (namucum
894 1576 1007 1639 ibidem
1034 1576 1188 1641 bornincm
1210 1578 1347 1644 locutum
1373 1581 1489 1660 fuisse,
1511 1583 1567 1645 sed
1588 1583 1742 1664 anqelnm.
1791 1585 1882 1665 Quod
1903 1586 1939 1648 in

408 1685 610 1766 praefatione
633 1682 718 1759 libri,
740 1702 832 1761 quem
854 1681 892 1743 de
913 1681 1020 1743 missis
1041 1680 1081 1744 ab
1102 1700 1136 1743 eo
1158 1684 1336 1761 compositis
1356 1686 1595 1766 conlundi-mus,
1612 1686 1744 1766 plenius
1766 1687 1938 1751 deelaravi-

412 1810 491 1853 mus.
540 1787 620 1853 Orvrn
642 1792 749 1850 numm
776 1789 854 1847 esset
880 1785 1067 1866 inaquificae
1095 1787 1278 1849 sanctitatis
1304 1792 1412 1869 atque,
1438 1794 1476 1851 nt
1498 1789 1653 1866 diximus,
1682 1812 1721 1854 ea
1741 1791 1940 1855 senatoribus

406 1893 533 1973 prinus,
551 1890 738 1971 plerumque
758 1889 914 1951 nesciente
935 1889 1064 1969 coniuqe
1085 1908 1163 1951 vasa
1185 1895 1333 1970 arpentca
1355 1889 1519 1970 auferebat
1540 1914 1561 1955 a
1583 1893 1672 1956 donno
1695 1897 1724 1956 et
1740 1895 1940 1975 pauperibus

412 1997 566 2077 noqrcbat.
614 1993 705 2075 Quod
726 1992 784 2056 illa
800 2014 871 2055 curn
887 1997 1087 2074 coqnosceret,
1109 1993 1391 2058 scandalizabatur
1404 1996 1441 2058 in
1456 2017 1535 2073 evera,
1558 1997 1613 2060 sed
1627 2002 1732 2061 tamen
1746 1998 1821 2062 dato
1837 1999 1940 2079 eqenis

407 2099 513 2178 pretio
527 2099 643 2178 nicetes
656 2096 740 2160 domi
754 2095 945 2159 restituebat.
970 2095 1011 2179 (o.
1028 2095 1083 2179 23)
1112 2094 1250 2177 Ounquae
1267 2097 1312 2160 ad
1326 2096 1467 2177 officium
1482 2100 1673 2163 dominicum
1690 2100 1805 2180 fuisset
1819 2102 1939 2164 uranei-

408 2207 523 2284 patum
538 2206 566 2264 et
581 2205 725 2264 sanctam
740 2203 844 2280 aqeret
859 2197 1032 2262 insaecula
1047 2201 1154 2275 vitam,
1176 2207 1386 2264 surrexerunt
1409 2207 1519 2265 contra
1538 2224 1608 2266 euni
1629 2204 1692 2267 duo
1705 2204 1885 2284 presbiteri,
1908 2209 1938 2268 et

411 2305 550 2369 (ablatam
565 2305 595 2368 ei
609 2324 729 2368 onlnem
740 2306 924 2382 potestatem
936 2323 958 2364 a
971 2302 1063 2365 rebus
1078 2301 1231 2380 eeclesiae,
1250 2309 1357 2367 artum
1369 2305 1398 2367 ei
1409 2306 1526 2368 vietum
1537 2311 1567 2369 et
1578 2310 1702 2370 tenerem
1718 2307 1937 2388 relinquentes,

411 2410 455 2473 ad
468 2429 624 2473 surnmam
639 2429 710 2471 eum
726 2405 946 2470 covrtrcmeliam
960 2407 1153 2487 redeqerunt.
1183 2407 1246 2472 Sed
1259 2429 1324 2472 non
1339 2408 1422 2491 lonqi
1437 2411 1584 2489 temporis
1598 2412 1701 2490 spretio
1717 2411 1853 2476 *inultam
1869 2413 1938 2475 cives

411 2514 569 2577 iniuriam
583 2512 695 2575 divina
708 2510 808 2574 volavit
822 2510 977 2573 sustinere
995 2509 1166 2574 clementia.
1189 2512 1276 2575 Nam
1291 2533 1378 2575 unus
1394 2534 1433 2576 en
1447 2512 1498 2576 bis
1511 2514 1714 2593 nequissimis
1728 2519 1757 2577 et
1771 2515 1936 2596 indipnum

411 2618 476 2681 diei
492 2616 693 2697 presbiteris,
723 2636 793 2679 eum
823 2619 896 2677 ante
924 2618 1043 2677 noctem
1069 2615 1212 2678 minatus
1232 2614 1347 2695 ficisset
1369 2637 1440 2679 curn
1462 2616 1500 2679 de
1521 2616 1649 2680 ecelesia
1669 2616 1743 2680 velle
1764 2618 1936 2695 extrahere,

411 2722 535 2802 siqnum
550 2721 595 2784 ad
608 2719 777 2783 matutinis
791 2718 927 2781 audiens
941 2716 1042 2797 fuisse
1057 2725 1249 2796 commotum,
1272 2719 1395 2800 favars
1408 2719 1479 2799 felle
1497 2726 1608 2784 eontra
1622 2726 1768 2785 sanctum
1783 2722 1842 2799 elei,
1865 2743 1937 2786 sur-

409 2827 501 2902 rexit,
524 2824 580 2888 troc
590 2824 709 2919 ‘iniquo
725 2823 815 2885 corde
829 2820 951 2901 explere
966 2821 1115 2901 copitans,
1138 2821 1222 2901 quod
1236 2822 1287 2884 die
1294 2824 1502 2902 praecedente
1524 2828 1725 2890 tractaverat.
1770 2825 1936 2906 [nqressus

412 2934 517 2993 aarum
532 2929 569 2991 in
579 2947 730 2990 secessum
746 2946 850 3002 sunm
873 2924 949 2987 dcem
963 2929 1100 2987 ventrem
1107 2945 1251 3005 purqarc
1266 2926 1391 3003 nititur,
1407 2927 1556 3006 spriritum
1571 2926 1740 2991 ecbabtvit.
1763 2927 1937 3008 Ecspcctat

411 3053 535 3096 umen-m
551 3030 694 3116 (interim
710 3028 792 3112 Leo)
808 3049 894 3108 puer
909 3027 1011 3107 aforis
1026 3048 1097 3111 cum
1112 3047 1196 3091 cereo
1208 3028 1369 3091 dominum
1384 3050 1589 3110 epressurum.
1620 3030 1752 3110 Ianrqvee
1766 3030 1937 3094 advenerat

411 3135 476 3213 luc,
494 3140 523 3199 et
537 3132 661 3198 satelles
676 3133 752 3208 rius,
776 3131 812 3193 id
826 3135 871 3194 est
885 3129 971 3193 atius
980 3130 1144 3212 presbiter,
1167 3130 1265 3194 vnittit
1279 3133 1440 3208 nuntium,
1463 3133 1586 3196 dicens:
1609 3132 1712 3208 ‘Veni
1735 3154 1775 3196 ne
1790 3133 1935 3210 tarderis,

410 3246 538 3320 atquae
550 3238 640 3302 nobis
652 3237 702 3300 die
713 3235 858 3298 besterna
869 3233 1019 3308 convenit,
1027 3234 1153 3313 pariter
1164 3233 1363 3314 expleamus.
1389 3236 1453 3301 Sed
1462 3257 1534 3299 curn
1545 3256 1695 3316 responsa
1706 3236 1783 3299 dare
1793 3236 1936 3315 differret

411 3343 578 3418 exanimis,
601 3340 715 3405 cavato
733 3358 817 3418 puer
837 3335 901 3400 velo
923 3336 997 3399 ostii
1018 3336 1155 3415 repperit
1177 3337 1339 3400 dominum
1360 3358 1455 3418 super
1476 3338 1587 3402 sellula
1609 3341 1719 3403 secessi
1742 3340 1934 3419 defunctum.

414 3448 501 3514 Unde
523 3445 740 3510 indubitatum
762 3446 893 3506 estnon
915 3440 1049 3504 minoris
1070 3441 1214 3503 criminis
1236 3441 1321 3505 bunc
1341 3463 1430 3505 reum
1453 3464 1531 3519 esse,
1558 3465 1654 3525 quam
1676 3445 1813 3509 Arrium
1835 3443 1935 3522 illum,

407 3553 460 3615 eui
473 3549 621 3615 similiter
635 3549 671 3612 in
685 3566 837 3610 secessum
851 3544 984 3624 fierunt
999 3543 1126 3606 interna
1142 3543 1283 3623 deposita
1299 3565 1360 3624 per
1375 3547 1485 3624 partis
1506 3546 1671 3627 inferioris
1690 3553 1833 3630 eqesturm
1857 3549 1935 3629 quia

405 3677 462 3719 nec
489 3654 578 3718 istud
602 3653 672 3716 sine
698 3649 821 3713 locist
840 3652 944 3727 potest
966 3648 1082 3726 accpi,
1109 3652 1146 3710 at
1167 3648 1204 3710 in
1225 3647 1385 3711 eeclesiam
1406 3669 1471 3712 non
1492 3650 1686 3715 obaudiatur
1707 3653 1852 3715 sacerdos
1874 3652 1934 3729 dei,

406 3760 460 3823 cui
480 3758 525 3821 ad
538 3755 736 3837 pascendum
758 3773 827 3816 oves
848 3751 1028 3814 commissae
1049 3756 1134 3827 sunt,
1158 3756 1187 3813 et
1205 3749 1258 3814 ille
1272 3773 1304 3814 se
1321 3751 1445 3831 inperat
1455 3754 1618 3832 potestat-i,
1641 3755 1695 3816 cui
1715 3775 1814 3834 neque
1836 3776 1857 3817 a
1879 3754 1935 3817 deo

405 3883 504 3943 neque
525 3860 565 3923 ab
587 3858 765 3922 boncinibus
791 3855 918 3935 aliqu-id
943 3860 989 3918 est
1018 3854 1224 3918 cornmissum.
1270 3854 1395 3918 Debine
1422 3856 1531 3919 beatus
1552 3856 1714 3933 sacerdos,
1744 3878 1809 3921 uno
1831 3857 1937 3921 adbuc

406 3968 551 4029 manente
572 3960 780 4026 nibilominus
805 3959 950 4036 inimico,
978 3979 1056 4022 uvae
1082 3959 1265 4021 restituitur
1284 3960 1444 4038 potestati.
1494 3958 1633 4023 Factum
1659 3965 1705 4023 est
1733 3967 1840 4026 autem
1860 3967 1937 4042 post

405 4069 494 4145 baec,
516 4072 554 4131 ut
576 4065 738 4130 accedente
756 4061 845 4147 febre
867 4066 1030 4143 aeqrotare
1051 4063 1209 4145 coepisset.
1258 4063 1321 4143 Qui
1342 4067 1432 4144 roqat
1453 4082 1540 4139 suos,
1564 4068 1601 4125 ut
1624 4084 1695 4127 eum
1717 4064 1753 4126 in
1775 4063 1936 4128 ecelesiam

404 4171 532 4252 ferrent.
581 4167 722 4249 Oumque
743 4165 820 4230 illuc
842 4164 964 4228 inlatus
985 4164 1112 4245 fuisset,
1141 4166 1363 4230 conveniebant
1384 4167 1429 4229 ad
1450 4187 1521 4230 eum
1542 4165 1712 4231 multitudo
1733 4169 1874 4232 virorum
1896 4188 1935 4231 ae

404 4275 587 4351 mulmrurn,
614 4270 771 4352 unumne
797 4270 892 4333 etiam
920 4273 949 4331 et
975 4267 1152 4348 infantium
1175 4267 1398 4353 planqentium
1427 4275 1522 4350 atque
1549 4269 1741 4333 dicentium:
1771 4268 1851 4335 ‘Cur
1876 4289 1935 4333 nos

403 4378 534 4456 desan,
553 4381 667 4456 pastor
688 4375 778 4451 bone,
800 4371 847 4436 vel
869 4372 923 4435 cui
944 4392 1002 4435 nos
1023 4374 1118 4452 quasi
1140 4373 1298 4453 orphanos
1319 4371 1537 4453 derelinquis?
1573 4373 1742 4454 Numquid
1764 4374 1825 4437 erit
1845 4373 1935 4437 nobis

399 4488 473 4567 post
488 4482 662 4546 transitum
678 4484 769 4542 tuum
784 4475 876 4541 vita?
909 4476 1077 4558 Numquid
1091 4477 1152 4540 erit
1159 4477 1362 4556 postmodum
1377 4478 1434 4557 qni
1448 4496 1506 4540 nos
1520 4477 1697 4556 sapientiae
1718 4475 1784 4539 sale
1806 4476 1934 4540 condiat

403 4585 528 4650 autad
547 4584 698 4648 dominici
719 4581 856 4645 nmninis
879 4581 1020 4644 timorem
1047 4579 1140 4644 talem
1162 4581 1357 4661 prudentiae
1382 4580 1507 4644 ratione
1533 4579 1744 4661 redarquatt’
1790 4579 1880 4643 Hace
1902 4584 1931 4642 et

403 4689 455 4752 bis
475 4687 597 4752 similia
614 4685 840 4770 populispnm
861 4703 974 4764 oraque
995 4682 1072 4761 tletu
1094 4684 1270 4748 dicentibus
1290 4683 1416 4746 tandem
1436 4683 1582 4746 sacerdos
1594 4684 1713 4767 spiritu
1728 4683 1764 4745 in
1778 4704 1811 4746 se
1825 4688 1933 4746 sancto

405 4791 555 4870 inficiente
580 4789 758 4870 respondit:
785 4784 901 4850 ‘Nolite
927 4787 1049 4864 timere,
1078 4808 1096 4851 o
1119 4787 1246 4867 popncli,
1275 4809 1341 4851 cecc
1365 4787 1469 4867 frater
1494 4808 1582 4850 rueres
1611 4786 1822 4867 Aprunculus
1847 4788 1933 4864 vivit,
2043 4841 2045 4846 .

404 4901 433 4959 ct
454 4897 521 4975 ipse
542 4894 603 4959 crit
624 4892 769 4956 sacerdos
790 4891 906 4954 vester’.
955 4891 1018 4971 Qui
1044 4911 1108 4955 non
1129 4891 1350 4973 intelliqentes,
1368 4892 1528 4972 putabant
1550 4911 1620 4955 arnt
1643 4888 1728 4970 loqui
1750 4889 1876 4969 alequid
1897 4891 1934 4953 in

401 5000 512 5062 cetam.
550 4998 618 5080 Quo
633 4997 789 5078 uiprante
798 4994 956 5074 presbiter
971 4993 1023 5058 ille
1037 5015 1181 5076 neqnanc,
1205 4994 1285 5058 alter
1299 5016 1337 5058 ee
1352 4995 1474 5058 dnobus
1488 4994 1763 5074 quiremanserat,
1780 4995 1934 5073 prot-inus

403 5123 522 5166 omnem
543 5099 728 5182 facrdtatem
757 5096 916 5174 ecclcsiae,
946 5101 1108 5178 tamquam
1134 5100 1164 5162 si
1192 5100 1258 5163 iam
1288 5100 1451 5180 episeopus
1477 5103 1568 5175 esset,
1598 5096 1730 5160 initians
1759 5097 1933 5178 crpiditate

396 5210 612 5286 praeoccupat
640 5205 763 5266 dicens:
794 5201 948 5265 ‘Tandem
972 5203 1109 5282 respexit
1137 5203 1174 5265 in
1200 5223 1248 5266 me
1273 5202 1363 5279 curn,
1395 5222 1577 5284 acquescens
1603 5221 1651 5263 uve
1677 5200 1841 5263 iustiorem
1869 5221 1933 5263 csse

402 5310 540 5387 Sidonio,
564 5307 759 5391 larqitusque
781 5310 827 5368 est
849 5304 929 5368 nribi
950 5304 1033 5368 bane
1048 5307 1253 5385 potestatem'.
1304 5305 1443 5387 dravique
1458 5327 1518 5386 per
1538 5310 1635 5368 totam
1654 5304 1763 5368 urbem
1776 5305 1932 5385 superbus

401 5412 514 5492 tatur,
542 5411 727 5476 adveniente
756 5410 806 5472 die
829 5408 1000 5485 dominico,
1031 5410 1089 5489 qni
1109 5411 1292 5474 ivrnvincbat
1310 5415 1386 5490 post
1407 5409 1581 5472 transitum
1602 5408 1708 5470 saneti
1729 5407 1806 5485 viri,
1832 5427 1931 5487 prae-

393 5520 512 5597 parato
535 5515 634 5597 mido,
657 5513 753 5578 iussit
775 5516 903 5575 uinctos
925 5512 1005 5574 cives
1026 5513 1063 5575 in
1084 5513 1172 5577 donea
1195 5512 1340 5577 accusas
1359 5513 1500 5590 invitari,
1524 5511 1735 5591 (despectisque
1756 5511 1933 5575 senioribus

395 5619 522 5700 privans
549 5618 702 5684 remum
728 5618 765 5681 in
793 5620 868 5680 toro.
918 5613 980 5679 Oui
1002 5617 1141 5682 oblatum
1155 5618 1315 5697 pineema
1334 5615 1486 5697 poculum
1508 5615 1575 5678 ait:
1605 5613 1753 5679 ‘Domine
1780 5616 1837 5690 mi,
1864 5615 1932 5677 vidi
