4462 6216
794 345 902 410 claua
919 348 941 414 l,
966 349 1030 403 XIV
1048 350 1064 416 3
1084 353 1096 404 l
1117 377 1150 390 -
1168 347 1260 404 XVIII
1278 349 1294 417 ἓ
1313 351 1336 404 1.
1533 379 1536 383 v
1558 350 1565 357 ”
1824 352 1887 415 309

245 525 395 611 templcr,
425 524 527 587 etiam·
548 522 733 587 carnalibus
756 544 891 588 caruere
913 524 1149 609 concupiscam.
1187 545 1283 610 quam
1300 524 1345 588 ob*
1360 524 1543 589 remsalve
1560 523 1595 587 in
1610 521 1740 588 (lhristo
1756 517 1895 588 domino
1921 520 1946 587 3³
1970 517 2021 592 G*

246 629 421 715 plurimum
444 626 584 707 dicens,·.
599 627 930 712 specialiuszquaeso,
958 631 1083 692 utana·
1106 650 1179 693 curn
1202 628 1320 693 domno
1344 632 1415 692 meo
1434 629 1615 714 episcopo,
1643 646 1740 712 quem
1764 629 1805 692 ad
1827 649 1888 692 nos

244 740 417 798 venturum
439 751 498 815 pro
522 735 582 795 sn'a
603 729 795 814 dignatione
819 730 955 811 confido,
971 731 1072 795 *vobis
1096 730 1137 795 ad
1159 732 1374 797 humilitatem
1391 738 1535 796 nostram
1552 730 1746 795 visitandam
1762 731 1888 796 facietis

244 836 409 914 iniuriam,
438 840 475 896 ut
501 834 663 918 possimus
694 833 727 897 ln
756 854 856 898 unum
883 833 981 920 positi
1010 835 1149 899 fructum
1178 836 1219 899 de
1250 843 1360 903 nostra
1386 835 1525 900 invicem
1548 855 1674 922 capere.
1690 838 1887 920 praesentia,

202 957 216 994 ⁵
243 941 321 1006 dum
343 939 539 1003 sciscitantis
561 938 703 1002 intentio
723 938 760 1001 fit
783 937 1016 1024 respondentis
1046 940 1186 1004 eruditio
1211 938 1252 1004 et
1281 947 1412 1004 mutuus
1434 938 1573 1025 quodam
1595 936 1691 1002 modo
1723 938 1890 1024 profectus

245 1042 399 1107 discentis
423 1041 566 1106 efficitur
588 1047 622 1106 at
644 1041 803 1108 docentis.
844 1063 923 1128 pax,
946 1046 1023 1129 pax,
1046 1064 1122 1129 pax.
1449 1059 1451 1063 ’
1550 1044 1553 1048 ’
1707 1038 1710 1048 ’

362 1332 365 1337 .
1016 1280 1128 1348 xvn.

202 1497 205 1506 ,
286 1420 453 1499 couno
469 1405 649 1493 aarum
676 1418 793 1504 suan
822 1419 881 1483 nr
909 1420 1039 1486 roura
1067 1421 1115 1487 nv
1135 1420 1334 1522 *ursmaro
1357 1375 1537 1505 DOMINO
1560 1421 1851 1513 cranemerae
1895 1376 1898 1383 ’

331 1522 601 1622 vrsonnraus
619 1521 1116 1618 nxoonnunoronaaro
1133 1523 1534 1606 rsnncrnunrcrus
1551 1524 1808 1591 nrrscorua
1873 1554 1877 1563 ·
1946 1574 1949 1580 .

194 1695 219 1734 ¹⁰
258 1718 261 1728 ·
349 1656 514 1753 Summus
539 1692 603 1778 cst,
628 1687 712 1751 sicut
734 1686 937 1772 ipsi'mclius
960 1688 1078 1775 nostis:
1107 1688 1202 1752 mihi
1226 1688 1415 1776 vindicta,
1449 1709 1519 1774 ego
1542 1684 1770 1766 retribuam,
1792 1687 1893 1752 dicit
1929 1693 1941 1750 l

246 1791 440 1857 dominus.
475 1792 540 1854 iam
563 1811 620 1854 vos
642 1789 721 1854 mihi
744 1776 772 1854 si
787 1789 864 1875 quid
879 1789 1058 1877 imputatis,
1080 1792 1250 1876 Ignoscite,
1275 1793 1351 1877 quia
1367 1793 1486 1872 sciatis,
1509 1791 1675 1857 dominnm
1691 1782 1900 1857 vindicasses

247 1901 313 1959 tam
346 1895 427 1958 aviis
457 1915 529 1957 esse
561 1914 620 1957 nos
648 1892 821 1957 itineribus
853 1895 1010 1958 noveritis
1038 1895 1072 1958 in
1101 1902 1167 1960 tam
1199 1895 1327 1961 abditas
1358 1896 1550 1961 solitudines
1582 1895 1745 1972 inductos,
1776 1903 1813 1959 ut
1836 1915 1893 1959 eas

247 2005 399 2063 retexere
423 1998 549 2061 animus
573 1997 715 2076 horreat,
738 2017 830 2060 mens
852 1997 1002 2082 refugiat,
1026 2019 1132 2063 sermo
1150 2019 1213 2075 non
1229 2008 1338 2083 queat.
1375 2001 1570 2073 incurrimus
1587 2020 1727 2085 namque
1744 1999 1892 2063 semitam
1927 1999 1946 2059 2

248 2102 450 2166 obstructam
466 2101 575 2180 ramis,
600 2099 706 2186 spatio
722 2102 942 2189 constrictam,
963 2102 1066 2188 spinis
1082 2102 1211 2183 hirtam,
1233 2104 1388 2189 stirpibus
1405 2105 1562 2187 clausam,
1578 2105 1719 2189 obsitam
1735 2102 1894 2175 sentibus,

195 2219 220 2257 ¹⁶
249 2205 313 2269 situ
336 2225 500 2291 asperam,
532 2223 686 2267 saxorum
716 2204 892 2288 aggeribus
922 2204 1126 2290 impeditam,
1157 2205 1302 2270 radicum
1332 2209 1515 2273 conexione
1545 2212 1758 2287 constratam,
1792 2225 1894 2269 caeno

248 2309 489 2393 voraginosam,
521 2314 557 2370 ut
586 2307 617 2369 in
647 2312 713 2371 tam
736 2306 836 2371 variis
864 2312 997 2393 tamque
1029 2309 1265 2397 multiplicibus
1295 2311 1388 2400 malis
1416 2306 1480 2376 non
1509 2318 1598 2377 esset
1628 2311 1770 2397 simplex
1792 2303 1897 2372 forma

249 2413 402 2498 periculi,
436 2410 512 2475 dum
540 2411 740 2479 caballorum
768 2410 870 2498 pedes
898 2398 1044 2488 radicum
1068 2412 1170 2477 virtus
1202 2413 1327 2479 detinet
1355 2421 1388 2484 et
1410 2416 1470 2479 soli
1493 2414 1633 2501 putredo
1657 2434 1721 2478 non
1746 2411 1895 2490 sustinet,

247 2516 409 2579 montibus
433 2536 510 2578 vero
534 2515 580 2578 ita
604 2515 637 2578 in
661 2514 799 2579 sublime
823 2520 1006 2600 porrectam
1030 2523 1063 2580 ct
1084 2516 1224 2581 vallibus
1248 2518 1282 2581 in
1305 2517 1464 2603 profundo
1487 2517 1689 2600 demersam,
1705 2521 1742 2580 ut
1758 2537 1818 2580 nos
1836 2536 1897 2600 per

248 2620 409 2684 undosum
426 2641 526 2699 mare,
550 2619 769 2684 excitantibus
787 2640 861 2683 eum
877 2626 1046 2685 ventorum
1064 2621 1277 2685 saevientium
1301 2622 1421 2702 flabris,
1446 2628 1559 2708 erepto
1582 2621 1624 2685 ab
1649 2620 1751 2685 oculis
1775 2618 1894 2683 nostris

197 2737 223 2775 2⁰
250 2725 377 2789 nebulis
408 2744 446 2786 ac
474 2722 615 2786 nubibus
645 2722 713 2804 die,
747 2723 810 2787 iter
837 2743 936 2807 agere
968 2724 1190 2789 crederemus:
1235 2726 1326 2810 quia,
1362 2726 1490 2789 etiamsi
1523 2725 1643 2789 mundo
1674 2723 1783 2788 radius
1818 2723 1893 2786 solis
1926 2723 1945 2784 3

248 2828 382 2906 inluxit,
415 2827 456 2890 ad
484 2848 544 2890 nos
573 2847 651 2911 prae
681 2826 841 2891 densitate
869 2828 1010 2891 nemoris
1034 2827 1188 2913 splendor
1210 2829 1312 2913 ipsius
1337 2834 1370 2892 et
1393 2829 1481 2893 calor
1503 2828 1675 2914 pervenire
1699 2848 1761 2890 non
1784 2825 1895 2905 valuit,

252 2931 328 2995 dum
352 2952 411 2993 nes
435 2931 481 2994 ita
503 2950 562 3015 per
584 2931 646 2993 iter
669 2930 845 2995 infelicium
871 2931 991 2994 filicum
1015 2931 1195 3017 proceritas
1212 2933 1331 3016 premit
1347 2933 1441 2996 etsie
1457 2930 1624 2996 inundatio
1640 2931 1723 2994 roris
1740 2929 1895 3016 aspergit,

249 3041 285 3098 ut
301 3035 457 3098 contracti
468 3034 590 3118 frigore
604 3035 655 3099 vel
671 3036 775 3099 coacti
792 3034 997 3120 apricitatem
1013 3035 1097 3119 ignis
1112 3035 1245 3121 plurimi
1260 3035 1376 3100 diebus
1393 3035 1638 3121 cynocaumatis
1650 3052 1895 3118 quaereremus.

251 3137 307 3203 sed
339 3159 410 3201 cum
441 3137 481 3201 ad
511 3139 618 3201 Iocum
649 3137 690 3202 ad
719 3159 816 3224 quem
851 3139 1008 3204 tendebat
1042 3140 1179 3204 intentio
1208 3139 1490 3225 pervenissemus,
1526 3138 1638 3203 vallati
1673 3137 1767 3223 aquis
1799 3142 1896 3219 atque
1929 3137 1948 3196 4

196 3258 221 3297 ²⁵
247 3245 423 3308 madefacti
447 3244 498 3307 siti
522 3243 708 3330 occepimus
739 3244 903 3330 deperire,
936 3244 1011 3328 qnia
1042 3264 1115 3307 cum
1145 3249 1248 3324 esset,
1279 3250 1314 3306 ut
1341 3241 1498 3319 diximus,
1528 3243 1616 3327 rigor
1643 3241 1676 3304 ln
1703 3260 1795 3320 aere,
1827 3244 1897 3302 erat

251 3355 361 3412 tamen
384 3354 479 3432 tepor
502 3346 534 3410 in
558 3347 657 3420 fonte,
681 3348 761 3411 odor
782 3349 814 3411 in
838 3349 980 3428 flumine,
1005 3348 1101 3413 ardor
1124 3350 1157 3413 in
1180 3370 1305 3434 campo,
1329 3356 1439 3413 aestus
1464 3351 1497 3413 in
1520 3356 1637 3412 castro.
1679 3353 1721 3427 ct,
1745 3352 1780 3408 ut
1803 3344 1896 3410 brevi

164 3493 166 3496 -
253 3473 401 3517 sermone
425 3452 577 3515 uniuersa
600 3451 806 3531 concludam,
837 3437 896 3538 per
924 3438 1023 3516 talem¹
1051 3438 1136 3517 viam
1163 3437 1225 3517 nos
1256 3453 1319 3518 iter
1346 3453 1454 3537 egisse
1485 3450 1687 3536 cognoscite,
1720 3469 1779 3534 per
1801 3467 1898 3533 quam

253 3577 313 3620 nec
347 3555 386 3619 ad
418 3554 619 3640 paradisum,
650 3577 713 3620 non
742 3555 848 3620 dicam
877 3555 918 3621 ad
942 3556 1092 3620 exsilium
1116 3557 1286 3643 quisquam
1310 3557 1357 3620 ire
1382 3556 1558 3621 desideret.
1602 3558 1800 3639 quapropter
1823 3551 1900 3637 quia
1930 3553 1949 3613 5

252 3663 334 3727 haec
363 3661 472 3726 omnia
499 3661 649 3725 dominus
677 3668 789 3727 noster
817 3669 850 3727 et
875 3683 927 3726 me
955 3662 1122 3728 incurrere
1154 3668 1187 3725 et
1213 3680 1273 3725 vos
1300 3660 1395 3724 iussit
1424 3658 1579 3738 evadere,
1615 3660 1752 3743 peccata
1778 3677 1853 3721 mea
1880 3675 1900 3718 a

201 3782 227 3821 ³⁰
252 3766 368 3832 vostris
392 3765 516 3828 meritis
539 3765 639 3830 ctiam
661 3765 782 3829 visibili
806 3766 922 3830 itinere
946 3765 1149 3846 discernens,
1173 3771 1206 3829 et
1221 3785 1289 3845 vos,
1314 3765 1368 3848 qui
1390 3768 1460 3828 arta
1481 3770 1514 3828 et
1529 3761 1695 3826 laboriosa
1711 3759 1900 3846 spiritaliter

251 3870 386 3958 pergitis
415 3869 483 3948 via,
518 3869 611 3932 istius
644 3890 707 3933 non
741 3868 892 3934 inceditis
929 3869 1097 3954 angustias
1128 3874 1160 3933 et
1189 3889 1263 3949 nos,
1300 3867 1355 3954 qui
1383 3868 1450 3931 lata
1480 3872 1514 3930 et
1546 3865 1691 3952 spatiosa
1721 3870 1898 3930 retrorsum

253 3993 382 4056 semper
403 3972 616 4056 respicientes
639 3972 836 4054 incedimus,
860 3973 955 4037 huius
979 3974 1171 4037 incurrimus
1194 3972 1340 4036 iniurias.
1389 3976 1480 4035 orate
1503 3969 1682 4049 dominum,
1715 3969 1765 4033 cui
1789 3967 1900 4031 omnia

254 4075 425 4162 possibilia
447 4076 649 4154 confitemur,
672 4083 709 4138 ut
731 4077 793 4139 etsi
817 4097 876 4162 per
898 4075 1063 4141 diuersum
1086 4077 1157 4156 iter,
1181 4075 1222 4140 ad
1245 4097 1343 4139 unam
1366 4096 1425 4138 nos
1448 4080 1558 4138 tamen
1575 4073 1690 4137 urbem
1704 4070 1804 4135 faciat
1822 4090 1900 4134 con-

254 4180 375 4256 venire,
401 4179 432 4242 in
456 4199 552 4262 quam
576 4200 635 4243 nos
659 4179 887 4243 misericordia
908 4184 1017 4264 potest
1039 4178 1172 4261 inferre,
1194 4201 1251 4243 vos
1275 4180 1401 4244 merita.

203 4418 228 4457 u
1013 4401 1142 4467 XVIII.

340 4538 614 4604 DULOISSIMO
638 4539 695 4603 ET
718 4537 929 4604 UNANIMO
952 4539 1074 4605 FILIO
1099 4539 1309 4605 OMMATIO
1332 4537 1548 4604 RURICIUS
1571 4534 1828 4602 EPISCOPUS.

364 4675 429 4767 Ur
459 4725 518 4790 per
546 4703 727 4768 Venerium
761 4702 924 4769 dulcedini
957 4709 1033 4768 tuae
1067 4723 1133 4768 non
1168 4703 1359 4780 scriberem,
1395 4723 1458 4766 non
1491 4700 1721 4785 neglegentiae
1752 4720 1812 4763 nce
1842 4699 1902 4761 im·
1937 4701 1951 4760 1

256 4808 435 4895 putationis
466 4808 603 4871 alicuius
634 4806 691 4871 sed
724 4808 946 4893 occupationis
976 4809 1080 4872 fuisse
1110 4828 1279 4892 cognosce.
1329 4805 1417 4871 unde
1446 4806 1505 4870 has
1535 4825 1593 4890 per
1620 4803 1785 4868 Amelium
1816 4801 1902 4882 dedi,

362 5013 632 5077 10a0m.x11,1a
718 5013 753 5067 aa
771 5012 923 5078 cccxxi
941 5014 966 5068 a.
1515 5000 1530 5035 ’

358 5135 526 5204 2ἀοιιιιιο]0
610 5135 949 5206 ‘lpresentiaGrcfia'asrc
959 5138 1000 5203 11,
1011 5142 1043 5190 63
1123 5135 1292 5205 8domno]0
1374 5136 1407 5188 10
1417 5135 1594 5189 uindictamG
1673 5133 1707 5185 12
1718 5150 1784 5185 auus
1795 5133 1827 5196 0,
1837 5149 1905 5184 corr.

256 5223 289 5276 14
300 5225 453 5277 sensibus&
558 5222 590 5275 16
608 5224 771 5292 noraagfia
786 5224 949 5290 l.)uosam(3
1054 5223 1087 5276 18
1099 5226 1271 5278 dimersamG
1375 5221 1407 5275 19
1424 5220 1533 5289 eum](}
1635 5219 1669 5271 22
1687 5216 1793 5286 filicum]
1806 5219 1906 5284 scripsi,

256 5312 360 5363 felicum
376 5311 407 5376 II,
424 5311 538 5361 felicium
553 5311 671 5361 (lenicius
740 5311 807 5362 stc
909 5310 944 5363 23
961 5313 1056 5379 frigore
1073 5309 1126 5378 uel]
1145 5312 1176 5375 θ,
1194 5313 1322 5378 frigoreue
1335 5310 1478 5361 Mommsen
1546 5302 1736 5374 quaereremus]
1756 5305 1906 5367 dfommrcu,

255 5400 386 5464 querimus
401 5399 423 5447 G
510 5396 544 5448 24
562 5397 649 5465 quem]
664 5398 748 5449 mac
833 5396 868 5449 26
886 5400 914 5450 ίιι
926 5400 1036 5451 comite?
1049 5417 1116 5450 corr.
1128 5400 1156 5450 in
1173 5416 1263 5466 campo
1275 5399 1313 5450 0¹
1401 5394 1433 5446 31
1453 5390 1579 5459 inceditis]
1593 5393 1692 5458 scripsi,
1709 5393 1860 5443 incederetis
1875 5391 1906 5453 0,

255 5486 371 5536 incedere
389 5485 487 5536 debetis
505 5484 570 5534 coni.
583 5485 725 5535 Memoraea
787 5501 840 5534 non
855 5483 902 5546 θ’,
919 5499 987 5534 corr.
1003 5483 1039 5533 0¹
1146 5481 1180 5533 32
1197 5478 1401 5547 incurrimuslG
1470 5480 1558 5529 cni—
1572 5475 1605 5528 34
1619 5475 1719 5543 merita]
1737 5478 1810 5544 infra
1824 5476 1907 5539 II,62

256 5572 369 5637 repetivit
473 5568 506 5620 33
524 5572 571 5620 etsi
590 5588 635 5637 per
652 5568 793 5636 diuersum]
813 5570 834 5620 si
853 5585 899 5636 per
917 5569 942 5619 di
959 5587 972 5620 e
990 5587 1057 5621 corr.
1073 5570 1113 5621 θ’
1184 5571 1280 5622 ιιιιιιθ
1384 5564 1418 5617 33
1436 5561 1565 5631 ommatio]
1583 5564 1683 5629 scripsi,
1704 5565 1737 5630 cf.
1753 5563 1827 5630 (ἔτερ.
1845 5562 1906 5617 Iler.

255 5657 323 5708 Hier.
343 5657 389 5707 Fr.
407 5657 512 5719 [1],17.
534 5657 566 5720 X,
578 5661 617 5720 31,
635 5661 731 5710 onracio
753 5661 775 5710 (J
