4462 6216
268 346 329 408 368
882 339 1020 395 RURICII
1039 336 1296 395 EPISTULARUM

184 531 218 603 G
270 537 444 602 properum
469 516 593 579 scilicet
617 517 792 580 velocitate
814 536 876 580 nec
899 516 1028 601 pigrum
1051 513 1221 579 tarditate:
1252 515 1303 578 cui
1330 514 1441 579 frenus
1464 518 1498 576 et
1521 515 1672 581 stimulus
1695 518 1738 581 sit
1768 517 1929 584 sedentis

271 620 449 697 arbitrium,
476 621 526 683 cui
551 619 592 683 ad
617 619 821 684 evehendum
846 641 928 684 onus
951 626 983 682 et
1004 619 1092 683 velle
1115 624 1269 704 suppetat
1291 618 1413 703 pariter
1434 623 1468 682 et
1490 638 1598 703 posse,
1622 621 1720 684 itaut
1735 642 1802 687 nec
1820 612 1934 689 cedat

218 725 237 785 2
270 725 476 810 superposito
500 745 561 787 nec
584 723 728 809 deponat
751 724 948 809 impositum.
993 723 1044 787 his
1068 722 1196 807 itaque.
1220 722 1305 785 sicut
1328 723 1485 806 oportuit,
1510 723 1681 805 intimatis,
1714 727 1927 793 salutatione

265 827 420 911 praelata,
443 827 675 913 pollicitatione
699 827 864 912 dispensa,
894 827 1054 912 promissa
1076 825 1295 911 doposcimus,
1323 831 1359 888 ut
1382 823 1423 888 ad
1447 827 1698 891 sollemnitatem
1722 836 1922 896 sanctorum

264 928 305 992 ad
334 950 393 994 nos
422 929 482 993 deo
515 931 656 1016 propitio
686 952 751 993 una
785 952 858 995 cum
894 950 1004 994 sorore
1040 934 1154 993 nostra
1183 930 1295 993 venire
1331 927 1526 1013 dignemini,
1566 930 1722 995 honorem
1755 936 1927 1019 patronis,
1967 951 1980 989 ⁵

264 1034 421 1097 iratribus
444 1035 608 1114 allectum,
632 1035 769 1118 gratiam
794 1035 923 1119 populis
945 1033 1144 1119 praestituri.

1047 1326 1122 1392 XV.

443 1481 620 1546 DOMINO
645 1482 731 1546 SUO
754 1481 1002 1547 PECULIARI
1025 1482 1073 1546 IN
1098 1480 1304 1556 OIIRIS'PO,
1329 1480 1507 1545 DOMINO
1530 1481 1741 1548 PA'I'RONO

751 1586 925 1652 AEONIO
949 1584 1170 1651 EPISOOPO
1194 1582 1421 1649 RURIOIUS.

216 1727 227 1784 1
372 1705 510 1797 Acutro
532 1734 672 1797 transitu
704 1741 836 1797 sanetae
864 1740 896 1797 et
919 1731 1114 1796 venerabilis
1144 1731 1230 1817 apud
1260 1752 1312 1796 me
1341 1731 1577 1796 reeordationis
1607 1732 1729 1797 domini
1759 1737 1828 1801 mei
1859 1737 1921 1805 de·
1951 1754 1979 1793 1⁰

263 1837 400 1900 cessoris
422 1837 522 1901 vestri
545 1835 689 1911 Leontii,
721 1837 829 1900 animo
853 1844 886 1901 et
908 1842 1017 1900 mente
1041 1835 1197 1900 confusus
1227 1836 1282 1899 diu
1305 1835 1505 1921 multumque
1529 1836 1679 1902 tristatus
1704 1860 1795 1922 sum,
1828 1845 1921 1928 quod

263 1945 307 2020 ct,
333 1940 586 2026 impedientibus
609 1941 752 2026 peccatis
776 1940 868 2019 meis,
897 1945 987 2003 tanto
1012 1939 1149 2003 antistiti
1173 1948 1347 2004 occurrere
1366 1960 1431 2003 nou
1453 1961 1637 2005 merueram
1660 1949 1694 2007 et
1716 1944 1777 2007 tali
1800 1966 1917 2012 essem

213 2044 232 2104 2
264 2047 400 2128 parente
423 2044 579 2128 privatus.
623 2045 715 2107 cuius
739 2044 800 2107 etsi
825 2043 997 2108 exterioris
1021 2042 1162 2107 hominis
1186 2064 1252 2107 non
1274 2043 1407 2108 fruebar
1429 2051 1582 2129 aspectu,
1614 2046 1777 2113 interioris
1801 2056 1921 2116 tamen

265 2147 372 2230 gratia
394 2146 585 2212 delectabar
608 2155 641 2212 et
663 2147 780 2210 mentis
805 2148 873 2210 acic
896 2146 1016 2230 iugiter
1032 2145 1267 2221 adhaereban1;
1290 2168 1350 2232 per
1364 2167 1462 2231 quem
1479 2148 1562 2211 etin
1578 2168 1641 2233 quo
1657 2148 1921 2236 mihipraesens

263 2248 401 2334 quodam
419 2249 516 2314 modo
533 2257 566 2314 et
583 2250 778 2316 cernebatur
801 2250 917 2313 obtutu
941 2256 975 2315 et
997 2248 1194 2314 audiebatur
1216 2251 1316 2314 affatu
1339 2258 1372 2313 et
1393 2251 1591 2336 palpabatur
1612 2259 1736 2318 attactu
1760 2261 1794 2318 et
1816 2262 1919 2322 teue-
1948 2274 1974 2313 ¹⁵

263 2352 358 2417 batur
374 2354 539 2438 amplexu,
563 2353 723 2437 siquidem
742 2354 809 2416 cari
826 2353 916 2416 nullo
941 2372 975 2415 sc
998 2352 1117 2417 melius
1139 2353 1211 2416 loco
1236 2372 1332 2437 quam
1355 2353 1388 2416 in
1413 2354 1510 2417 corde
1534 2355 1681 2419 caritatis
1704 2357 1810 2442 ipsius
1836 2361 1921 2425 sede

215 2456 234 2517 3
268 2457 481 2541 conspiciunt.
526 2455 612 2520 unde
637 2456 832 2540 etamplius
861 2453 1088 2520 desiderabam
1119 2455 1220 2519 oculis
1245 2455 1352 2519 videre
1383 2458 1586 2536 carnalibus,
1617 2479 1713 2542 quem
1740 2461 1787 2525 ita
1815 2464 1920 2550 spiri·

266 2560 387 2624 talibus
410 2560 573 2639 intuebar,
606 2558 664 2623 sed
694 2559 796 2622 dolori
825 2577 896 2621 meo
928 2558 1182 2622 consolationem
1211 2580 1265 2638 ea,
1299 2579 1383 2644 quae
1411 2561 1500 2646 prius
1530 2561 1712 2627 tribuerant
1741 2565 1920 2652 solacium,

266 2663 369 2748 ipsius
400 2664 518 2729 merita
546 2662 722 2742 dederunt,
752 2661 827 2747 quia
856 2660 996 2742 confido,
1032 2661 1119 2747 quod
1148 2683 1245 2746 quem
1273 2670 1410 2748 paterna
1440 2665 1545 2750 pietas
1573 2666 1706 2747 dilexit,
1737 2675 1771 2732 et
1799 2671 1921 2738 sedula

215 2769 233 2828 4
268 2761 501 2831 intercessione
525 2766 697 2831 custodiat.
742 2763 801 2830 sed
828 2765 910 2830 haec
939 2766 1103 2830 sanctitati
1125 2773 1254 2829 vestrae
1285 2765 1378 2849 quasi
1401 2768 1570 2832 vobiscum
1597 2770 1790 2856 colloquens
1810 2782 1917 2861 atque
1946 2791 1973 2830 ²⁰

214 2873 233 2932 5
265 2870 391 2934 avobis
414 2871 571 2936 maeroris
595 2871 696 2956 ipsius
719 2870 870 2934 levamen
894 2869 1073 2954 requirens,
1096 2869 1240 2932 dictante
1264 2867 1451 2951 dilectione,
1476 2873 1668 2938 rettulerim.
1714 2896 1800 2941 nuuc
1824 2899 1918 2964 vero,

263 2982 300 3038 ut
326 2975 435 3040 dicere
464 2975 686 3050 institueram,
714 2974 902 3039 accersione
934 2973 1037 3059 ipsius
1068 2971 1190 3036 domiui
1212 2973 1277 3037 mei
1301 2978 1334 3036 et
1356 2975 1559 3060 apostolatus
1583 2978 1685 3042 vestri
1708 2978 1920 3049 ordinatione

265 3087 447 3166 comperta,
478 3078 519 3142 ad
550 3078 693 3142 officium
716 3083 858 3142 restrum
888 3076 1018 3140 mittere
1041 3076 1237 3161 cogitabam.
1282 3075 1340 3140 scd
1363 3078 1554 3143 muneribus
1577 3081 1695 3146 vestris
1717 3082 1919 3152 humilitatis

263 3203 354 3248 meac
378 3182 596 3270 praevenistis
619 3182 824 3268 obsequium,
847 3201 931 3265 quae
955 3179 1034 3244 mihi
1056 3180 1212 3243 maiorem
1235 3180 1399 3245 scribendi
1423 3181 1574 3246 fiduciam
1594 3185 1813 3271 contuleruut,
1838 3190 1920 3275 quia

263 3306 454 3370 praesumo,
489 3285 574 3370 quod
603 3306 700 3371 quem
730 3284 928 3349 liberalitate
956 3283 1099 3349 feceritis
1130 3283 1280 3367 dignum,
1310 3285 1352 3349 ab
1379 3285 1497 3349 animis
1521 3287 1644 3351 vestris-
1665 3310 1731 3353 non
1760 3290 1919 3359 habeatis
1945 3307 1972 3348 ὃ

212 3390 232 3449 6
264 3389 416 3452 alienum.
459 3394 492 3451 ct
516 3387 601 3463 ideo,
626 3388 709 3451 sicut
732 3388 818 3452 datis
841 3388 1000 3471 intellegi,
1024 3388 1177 3471 quoniam
1200 3388 1282 3451 tanti
1305 3386 1427 3452 habere
1451 3387 1639 3474 dignamini,
1663 3393 1920 3479 sospitationem

265 3492 460 3556 beatitudini
492 3495 621 3554 vestrae
656 3512 714 3576 per
749 3493 875 3555 litteras
905 3490 1038 3554 uberem
1071 3490 1144 3554 dico
1174 3490 1333 3576 simulque
1363 3493 1519 3579 peculiari
1549 3515 1648 3580 prece
1679 3496 1840 3583 deposco,
1875 3522 1919 3566 eo

264 3616 391 3658 meeum
416 3615 514 3679 agere
537 3595 618 3657 tanti
642 3593 790 3659 habeatis
814 3596 943 3674 aflectu,
973 3601 1008 3658 ut
1030 3594 1184 3658 domnum
1207 3594 1381 3659 Leontium
1406 3597 1614 3681 praemisisse
1637 3606 1670 3662 ct
1692 3610 1916 3670 commutasse

265 3698 375 3782 potius
399 3719 496 3782 quam
519 3696 701 3783 perdidisse
725 3719 930 3782 cognoscam.

1043 3937 1135 4004 XVI.
1944 3966 1971 4005 aa

256 4090 436 4156 DOMINO
452 4092 744 4175 VENERABILI,
768 4093 1042 4169 ADMIRABILI
1058 4094 1117 4158 ET
1134 4092 1322 4159 SANO'I'IS
1339 4096 1540 4164 OMNIBUS
1557 4099 1923 4175 AEQUIPERANDO

669 4198 837 4265 FRATRI
861 4198 1046 4265 SIDONIO
1069 4197 1259 4264 vluuuul
1282 4199 1509 4268 RURIOIUS.

215 4339 228 4398 1
375 4313 471 4409 Onu
501 4352 550 4427 te,
580 4346 682 4411 trater
710 4347 894 4427 carissime,
925 4349 1011 4412 lama
1040 4348 1254 4413 celeberrima
1281 4348 1507 4435 praedicante,
1538 4351 1676 4435 cognovi
1705 4357 1739 4417 et
1766 4353 1801 4417 in
1834 4354 1917 4421 seda

264 4448 409 4512 caritatis
437 4448 502 4513 illis
529 4449 649 4534 quibus
678 4450 748 4535 ipsc
775 4451 894 4515 melius
921 4458 1050 4516 terrena
1080 4450 1226 4537 despicis
1258 4458 1291 4516 et
1323 4453 1481 4518 caelestia
1513 4452 1685 4539 divinaque
1722 4457 1916 4524 consideras

263 4552 367 4615 oculis
391 4552 508 4617 mentis
531 4554 656 4639 aspexi,
680 4553 765 4617 unde
788 4555 889 4639 ipsius
912 4576 1030 4619 nomen
1053 4555 1223 4641 adscripsi,
1247 4557 1338 4620 cuius
1361 4577 1495 4621 munere
1517 4556 1671 4622 donatum
1688 4579 1763 4622 esse
1780 4564 1814 4623 te
1834 4561 1915 4626 vidi.
1943 4576 1969 4614 ὓ

213 4658 232 4719 2
265 4666 298 4720 et
315 4655 397 4735 idco,
419 4655 495 4719 duur
511 4662 544 4720 te
559 4656 592 4720 in
608 4658 743 4743 speculo
761 4658 864 4722 cordis
886 4658 1062 4743 diligenter
1077 4698 1143 4724 ...ι
1160 4668 1193 4724 et
1214 4660 1489 4746 pulchritudinem
1512 4662 1676 4726 interioris
1699 4661 1842 4727 hominis
1865 4666 1915 4730 tui

265 4760 477 4825 veliementer
500 4759 655 4840 admiror,
686 4761 727 4825 ad
750 4761 999 4828 desiderandum
1027 4766 1127 4829 animi
1154 4765 1218 4829 mei
1242 4765 1370 4829 viscera
1398 4765 1580 4847 concitasti,
1609 4787 1693 4850 quae
1720 4766 1753 4829 iu
1778 4772 1910 4833 tauhun

263 4864 416 4928 allectum
439 4871 531 4927 tuum
555 4865 775 4930 meracissima
797 4864 973 4931 dilectione
997 4874 1158 4933 commota
1181 4875 1271 4948 suut,
1299 4876 1336 4933 ut
1360 4891 1456 4954 quem
1480 4869 1678 4955 spiritalibus
1701 4870 1806 4935 oculis
1829 4892 1913 4937 cou-

367 5125 379 5176 l
401 5121 529 5190 tarditate]
548 5141 597 5175 orn.
612 5124 643 5187 θ,
660 5141 691 5175 ar
708 5125 817 5191 ῳίεἱιιῖα
831 5127 872 5190 ΙΙ,
885 5129 917 5178 35
933 5127 1031 5178 inrorat
1109 5129 1264 5181 sedentesG
1375 5127 1393 5181 3
1410 5131 1524 5181 onortuit
1538 5129 1561 5180 0
1672 5126 1690 5178 4
1707 5128 1878 5195 deposcamus
1891 5133 1918 5185 0

262 5210 278 5261 6
296 5212 382 5278 populi
397 5213 421 5262 O
516 5208 534 5259 9
551 5207 652 5275 aeonio]
670 5211 770 5276 scripsi,
787 5212 861 5263 eonio
876 5212 907 5275 G,
924 5213 959 5278 cf.
970 5213 1044 5279 infra
1056 5213 1126 5277 Iao
1217 5212 1252 5265 10
1267 5217 1428 5268 uenerabiles
1443 5217 1466 5267 0
1557 5215 1588 5266 ll
1608 5214 1726 5266 leontiG
1819 5215 1918 5270 1301-

262 5299 351 5348 teroris
371 5297 394 5347 (l
516 5294 549 5346 16
566 5293 657 5362 allatu]
678 5296 984 5363 [acclamassem
1105 5298 1137 5351 16
1156 5317 1183 5351 se
1200 5298 1302 5367 melius]
1322 5304 1437 5354 aemilius
1452 5304 1475 5354 G
1596 5299 1629 5352 19
1646 5298 1725 5368 quod]
1743 5310 1873 5368 quotquot
1891 5304 1919 5356 (l

260 5381 295 5434 ‘22
312 5380 467 5449 accamionc]
486 5382 635 5447 Marcam,
653 5385 796 5435 arcersiena
811 5385 842 5447 (l,
859 5385 893 5451 ef.
908 5385 990 5435 (llere.
1008 5385 1081 5451 apud
1097 5385 1163 5449 Mai,
1182 5386 1263 5439 tima.
1276 5387 1354 5439 Aaou
1367 5388 1412 5453 VI,
1423 5392 1480 5452 503,
1497 5389 1649 5440 arcisitionis
1665 5388 1741 5452 infra
1752 5405 1784 5453 p.
1794 5390 1853 5452 315,
1868 5390 1918 5442 15

262 5469 296 5522 ‘24
313 5471 408 5521 fiducia
426 5470 450 5520 (Ι
564 5467 599 5520 26
617 5471 737 5521 sacieritIs
757 5471 781 5521 G
892 5467 926 5520 26
943 5470 1019 5538 datia]
1039 5472 1063 5522 (Ι
1168 5471 1201 5524 21
1220 5475 1387 5527 beatitudinis
1407 5478 1431 5527 0
1538 5474 1573 5527 28
1590 5471 1724 5540 domnum]
1745 5473 1769 5524 0
1844 5493 1918 5544 [na-

262 5556 370 5622 misisae]
390 5558 423 5622 cf.
441 5558 516 5623 iasrc
531 5574 559 5621 p.
577 5559 634 5620 314,
652 5559 668 5607 l.
685 5562 720 5609 23
823 5554 857 5607 32
879 5555 988 5625 uidenti]
1006 5559 1039 5624 cf.
1054 5564 1075 5608 1.
1088 5557 1149 5625 Ilcp.
1163 5566 1187 5621 9,
1203 5565 1231 5610 9.-
1252 5563 1296 5626 qui
1314 5563 1382 5613 onim
1401 5564 1522 5629 propheta
1544 5562 1637 5612 dieitur
1660 5561 1747 5625 bodie,
1770 5563 1919 5615 secabatur

260 5648 322 5699 olim
341 5646 430 5695 videm
534 5644 568 5695 :Ab
586 5646 733 5696 carissimae
754 5645 777 5695 (J
880 5642 915 5695 36
933 5645 1033 5698 intueor
1051 5650 1133 5714 nappl.
1153 5648 1292 5700 diminues
