4462 6216
844 371 1007 436 nlullan,
1029 372 1176 440 1151-
1195 371 1234 426 lv
1251 373 1268 441 θ
1286 370 1310 427 7.
1836 376 1898 440 313

254 549 431 627 referendi,
459 550 513 635 qui
536 556 631 613 sanat
653 549 855 627 vulneratos,
885 548 940 633 qui
963 547 1088 612 relevat
1110 553 1272 627 maestos,
1296 549 1351 632 qui
1375 551 1560 613 consolatur
1583 547 1740 613 adflictos.
1787 556 1821 613 et
1842 549 1900 613 illa
1955 545 1989 617 G

253 654 356 717 sancti
372 654 431 718 Iob
456 655 760 719 seutentiaomuino
776 653 915 718 dicenda
931 659 995 717 est:
1020 651 1202 716 dominus
1226 651 1347 728 dedit,
1371 651 1561 716 dominus
1586 652 1768 733 abstulit,
1793 652 1900 716 sicut

254 757 408 821 domino
439 759 604 843 placuit,
635 758 696 821 ita
726 763 764 821 ct
794 757 938 821 factum
966 764 1039 822 est:
1073 756 1128 821 sit
1157 777 1298 821 nomeu
1328 756 1472 820 domiui
1502 754 1763 821 benedictum.
1815 756 1899 820 haee
1931 759 1950 817 5

253 883 348 946 ergo,
376 862 497 926 domini
519 863 660 948 pectoris
683 862 762 942 mei,
786 862 931 927 scribere
955 861 1046 925 vobis
1070 860 1189 925 idcirco
1212 859 1431 945 praesumpsi,
1454 864 1490 922 ut
1512 858 1658 923 dolorem
1683 879 1896 938 communem,

214 979 225 1016 ⁵
253 987 349 1051 quem
373 966 516 1030 sciebam
538 964 624 1050 quod
647 966 755 1031 verbis
780 964 860 1030 meis
876 964 1034 1055 'mitigare
1057 986 1123 1028 non
1145 970 1310 1050 poteram,
1338 962 1390 1027 vel
1418 960 1536 1026 divinis
1559 962 1699 1046 eloquiis
1721 968 1898 1047 utcumque

253 1067 450 1132 moderarer.
495 1090 573 1134 rere
595 1089 659 1132 non
683 1069 852 1133 minimum
874 1068 1012 1154 potestis
1042 1088 1159 1152 cepero
1189 1065 1230 1130 de
1254 1064 1374 1129 Christi
1397 1064 1565 1129 voluntate
1596 1065 1768 1145 solacium,
1801 1065 1897 1150 quod,
1930 1068 1950 1129 6

254 1178 413 1257 quatenus
448 1173 554 1257 ipsum
589 1172 780 1236 immaturus
814 1171 968 1235 manebat
1000 1172 1170 1251 interitus,
1204 1171 1305 1234 talem
1340 1190 1415 1234 eum
1450 1175 1502 1233 est
1536 1168 1689 1253 dignatus
1719 1191 1897 1247 assumere,

254 1277 396 1362 qualium
429 1298 564 1361 regnum
593 1277 675 1341 dixit
707 1298 781 1342 esse
812 1277 993 1349 caelorum;
1026 1282 1063 1339 ut
1092 1283 1125 1340 ct
1156 1282 1329 1360 patronum
1358 1273 1525 1337 haberetis
1558 1294 1599 1337 ex
1630 1273 1697 1337 filio
1731 1279 1764 1337 et
1791 1273 1897 1336 minus

254 1378 409 1445 doleretis
433 1381 600 1462 amissum,
623 1402 719 1467 quom
743 1402 763 1445 a
785 1380 916 1445 domino
939 1378 1102 1446 videbatis
1126 1388 1341 1465 assumptum.

1044 1761 1105 1826 IV.

346 1916 537 1982 DOMINIS
562 1917 833 1982 SUBLIMIBUS
857 1916 915 1980 ΕΤ
938 1915 986 1979 ΙΝ
1010 1914 1207 1980 CHRISTO
1230 1914 1409 1987 DOMINO
1434 1913 1800 1980 DEVINOTISSIMIS

523 2020 778 2086 FRATRIBUS
801 2019 1009 2085 NAMATIO
1032 2019 1090 2083 ΕΤ
1114 2018 1377 2084 CERAUNIAE
1401 2017 1626 2083 RURIOIUS.

354 2136 502 2246 Sassiae,
526 2167 684 2232 carissimi
699 2166 828 2245 fratres,
852 2187 911 2253 per
926 2166 1107 2230 communis
1123 2166 1231 2230 luctus
1248 2166 1496 2231 acerbissimum
1513 2188 1625 2232 casum
1642 2167 1735 2232 vobis
1751 2167 1895 2232 scribere
1930 2170 1942 2231 l

251 2275 306 2332 aut
330 2269 371 2334 ad
394 2292 452 2334 vos
476 2271 588 2337 venire
612 2270 768 2357 disposui,
791 2269 849 2335 sed
873 2291 1005 2355 semper
1027 2290 1078 2334 ms
1103 2277 1137 2334 at
1160 2270 1201 2333 ab
1225 2269 1351 2334 itineris
1373 2270 1542 2355 procinctu
1564 2270 1734 2335 infirmitas
1751 2271 1894 2356 corporis

198 2385 222 2424 ¹⁵
250 2379 283 2436 et
306 2373 347 2436 ab
372 2374 541 2459 epistulari
565 2375 670 2439 officio
693 2374 812 2438 nimius
843 2372 934 2438 dolor
963 2372 1069 2437 cordis
1100 2373 1249 2438 retraxit.
1293 2393 1369 2436 nam
1399 2373 1427 2437 si
1455 2372 1585 2457 quando
1615 2372 1656 2438 ad
1688 2373 1895 2438 scribendum
1928 2376 1948 2437 2

250 2476 393 2540 animum
416 2500 487 2541 sum
511 2485 647 2543 conatus
670 2477 856 2557 intendere,
886 2477 997 2541 statim
1021 2498 1135 2542 sensus
1158 2477 1296 2557 horruit,
1326 2497 1418 2541 meus
1448 2478 1570 2562 refugit
1599 2484 1632 2542 et
1662 2478 1708 2542 ita
1735 2479 1813 2543 mihi
1836 2501 1894 2564 pr0

249 2580 451 2644 sermonibus
476 2604 605 2668 semper
628 2583 724 2647 fletus
751 2582 903 2662 occurrit,
934 2588 971 2646 ut
1000 2582 1090 2667 prius
1120 2581 1275 2667 pagiuam
1299 2581 1505 2645 lacrimarum
1528 2581 1630 2646 imbre
1653 2581 1894 2666 perfunderem,

248 2703 344 2767 quam
368 2685 440 2748 stilo
464 2685 643 2770 pingerem,
668 2686 753 2750 sicut
775 2685 857 2749 dixit
880 2685 936 2750 ille
960 2690 1129 2771 paternam
1153 2684 1303 2750 iudicans
1327 2683 1368 2749 do
1392 2685 1449 2748 filii
1473 2685 1648 2749 amissione
1671 2686 1844 2771 pietatem:

607 2807 669 2871 bis
694 2813 858 2873 conatus
882 2813 967 2871 crat
989 2827 1104 2871 casus
1128 2805 1332 2893 effingere
1354 2806 1394 2869 in
1416 2826 1529 2886 euro,

195 2921 222 2959 2⁰
354 2971 356 2975 ,
607 2910 672 2975 bis
695 2912 846 2996 patriae
870 2909 1050 2976 cecidere
1073 2931 1232 2991 manus,

248 3030 301 3092 vel
330 3029 417 3114 quod
446 3030 555 3117 potius
584 3053 603 3095 a
633 3052 686 3096 me
716 3030 848 3111 dicitur,
883 3032 1036 3117 quoniam
1069 3032 1240 3116 negabat
1274 3030 1470 3096 consolari
1501 3029 1632 3094 anima
1661 3050 1758 3095 moa.
1808 3029 1894 3094 haud
1926 3032 1945 3093 3

247 3132 372 3196 iniuria.
419 3133 546 3219 perdidi
570 3136 656 3200 enim
679 3135 790 3215 filiam,
818 3156 914 3221 quam
938 3144 972 3201 et
995 3156 1046 3200 me
1070 3136 1256 3222 suscepisse
1280 3143 1314 3201 et
1336 3157 1394 3199 vos
1418 3135 1571 3220 genuisse
1595 3134 1794 3219 gratulabar,
1818 3156 1892 3220 per-

248 3235 313 3300 didi
334 3239 418 3302 vitae
442 3240 608 3318 solacium,
632 3240 836 3327 posteritatis
860 3260 962 3325 spem,
986 3239 1085 3304 decus
1100 3239 1254 3318 familiae,
1279 3239 1386 3304 cordis
1402 3238 1567 3323 gaudium,
1589 3238 1699 3302 lumen
1715 3239 1893 3304 oculorum.

247 3361 309 3404 neo
333 3342 471 3427 simplici
496 3365 566 3407 sum
590 3344 730 3409 orbitate
752 3343 935 3430 perculsus,
958 3363 1033 3407 nam
1054 3363 1127 3407 cum
1143 3343 1211 3407 filia
1227 3350 1261 3408 et
1275 3343 1393 3408 fratres
1410 3343 1514 3423 amisi,
1538 3363 1673 3426 quorum
1690 3363 1742 3406 mo
1761 3341 1893 3407 solabar
1925 3346 1944 3404 4

195 3456 220 3494 2³
247 3444 377 3524 affectu,
402 3467 536 3530 quorum
559 3467 611 3512 me
636 3447 865 3512 coniunctione
888 3446 1061 3512 iactabam.
1107 3446 1289 3531 disruptum
1313 3453 1373 3527 est,
1396 3446 1515 3511 fratres
1536 3445 1705 3525 carissimi,
1729 3445 1893 3509 vinculum

246 3549 472 3631 germanitatis
503 3558 647 3630 nostrae,
679 3552 825 3616 ablatum
855 3550 951 3615 uobis
982 3555 1034 3615 est
1059 3550 1177 3635 pignus
1205 3555 1338 3614 mutuae
1363 3549 1517 3615 caritatis.
1562 3548 1616 3613 hei
1645 3549 1743 3629 mihi,
1774 3549 1893 3613 fratres
1926 3552 1945 3610 5

248 3652 371 3736 optimi,
395 3653 473 3717 dum
495 3653 680 3740 depositum
703 3663 857 3733 vestrum,
881 3655 974 3719 cuius
997 3675 1049 3719 me
1073 3653 1247 3718 traditione
1268 3654 1442 3740 ceperatis,
1464 3653 1590 3735 amitto,
1613 3674 1678 3717 una
1692 3674 1751 3717 vos
1767 3651 1893 3738 perdidi

248 3761 282 3818 et
303 3755 377 3819 ideo
401 3757 433 3819 in
456 3758 552 3821 unius
575 3758 828 3823 necessitudinis
852 3757 956 3843 gradu
979 3758 1194 3844 complurium
1217 3757 1295 3821 mihi
1318 3757 1598 3823 necessitudinum
1623 3758 1744 3823 solacia
1766 3757 1895 3822 sublata

247 3859 384 3944 suspiro.
431 3861 535 3924 solam
557 3868 666 3925 tamen
689 3861 842 3946 patriam,
873 3882 957 3946 quae
985 3861 1065 3925 mihi
1087 3861 1274 3946 peripsam
1297 3860 1462 3946 adquisita
1484 3861 1604 3944 fuerat,
1639 3882 1704 3926 non
1735 3861 1893 3940 amittam,

195 3975 221 4012 ³⁰
247 3962 301 4045 qui
331 3962 415 4026 hanc
445 3963 523 4027 mihi
554 3965 757 4051 potissimum
787 3970 909 4030 terram
932 3986 1029 4049 quarn
1052 3964 1109 4028 illa
1131 3984 1265 4050 corpore
1289 3985 1349 4028 suo
1373 3965 1547 4050 occupavit
1569 3965 1708 4051 patriam
1729 3964 1892 4030 iudicabo.

247 4066 306 4129 sed
336 4087 398 4150 quo
428 4068 596 4132 immemor
619 4068 732 4149 officii,
762 4089 887 4132 memor
916 4069 1061 4153 gratiae,
1093 4067 1204 4133 doloro
1232 4067 1438 4153 impellente,
1469 4067 1660 4154 progredior
1683 4075 1716 4132 et
1746 4073 1892 4153 tempore
1925 4071 1945 4130 6

248 4169 452 4252 aliquatenus
476 4173 593 4236 vulnus
624 4171 801 4237 obductum
830 4171 976 4236 rediviva
1004 4171 1228 4238 recordatione
1257 4179 1424 4257 tamquam
1447 4192 1532 4237 nova
1555 4174 1701 4237 sectione
1724 4171 1892 4237 rescindo?

248 4278 281 4335 et
307 4273 361 4356 qui
393 4275 553 4338 consolari
576 4297 633 4340 vos
663 4276 773 4362 potius
801 4296 861 4360 par
891 4275 999 4341 divina
1029 4275 1193 4360 promissa
1220 4275 1407 4361 cupiebam,
1440 4276 1696 4342 consolationem
1725 4276 1797 4361 ipso
1827 4296 1893 4339 uon

246 4375 362 4460 cupio?
408 4398 524 4441 causas
554 4385 662 4442 tamon
685 4378 777 4442 vobis
807 4376 942 4443 recidivi
970 4379 1065 4442 huius
1092 4378 1214 4443 doloris
1237 4400 1410 4464 exponam.
1454 4387 1630 4465 utcumque
1655 4379 1742 4443 enim
1765 4379 1891 4443 animus
1924 4380 1942 4441 7

193 4491 218 4529 ³³
246 4500 394 4544 maerore
418 4480 583 4545 confectus
607 4482 754 4567 recipere
777 4482 1033 4546 consolationem
1062 4483 1245 4569 apostolica
1275 4482 1501 4547 exhortatione
1531 4483 1596 4547 iam
1629 4488 1799 4568 coeperat,
1829 4503 1892 4567 qua

246 4583 306 4645 ait:
337 4584 433 4647 nolo
457 4605 521 4648 vos
545 4584 742 4669 ignorare,
770 4585 930 4666 fratres,
962 4584 1010 4650 dc
1042 4585 1349 4665 dormientibus,
1380 4608 1427 4651 ne
1458 4587 1755 4651 contristemini
1787 4586 1892 4649 sicut

247 4689 372 4751 ceteri
400 4690 467 4773 qui
498 4710 610 4773 spem
638 4711 717 4754 non
746 4689 920 4770 habent,
953 4690 1026 4771 scd,
1053 4690 1110 4756 ubi
1132 4691 1248 4755 infelix
1271 4696 1381 4754 noster
1403 4690 1583 4755 communis
1606 4689 1738 4754 advenit
1760 4695 1793 4753 et
1816 4710 1890 4755 eum

247 4790 316 4854 sino
350 4812 390 4855 oa
423 4813 487 4876 qua
519 4793 607 4877 prius
642 4794 837 4877 splendebat
871 4816 999 4879 gemma
1030 4796 1202 4882 conspexi,
1237 4816 1296 4880 per
1325 4815 1421 4879 quam
1452 4793 1532 4858 mihi
1560 4800 1593 4858 et
1622 4795 1787 4879 acceptior
1817 4815 1891 4857 esse

246 4955 656 4967 ——-—-—.—.

244 5169 309 5222 361
337 5082 437 5222 ἸῗῂΙοίι
461 5085 486 5147 Ι,
505 5087 547 5139 ⁴21.
650 5085 793 5140 cuaeth.
816 5086 894 5151 XIX,
916 5086 957 5141 14„
1066 5088 1099 5140 19
1123 5085 1487 5157 Verg.hen.v1‚32.33.
1594 5088 1627 5140 21
1651 5087 1695 5141 Ps.
1719 5085 1845 5152 LXXVI,
1866 5089 1890 5141 3.

311 5211 317 5223 .
382 5186 432 5226 ess.
451 5171 497 5236 lV,
518 5174 559 5227 1‘2.

349 5346 362 5397 l
385 5348 481 5398 resendi
503 5347 526 5398 G
647 5349 665 5400 3
685 5345 859 5414 benedictum]
882 5348 914 5399 de
935 5349 1011 5400 retas
1032 5349 1147 5401 amaras
1165 5350 1212 5402 106
1229 5351 1304 5418 injra
1322 5349 1364 5414 ΙΙ,
1379 5353 1414 5402 39
1429 5350 1519 5418 fruiae
1536 5350 1622 5416 opiter
1743 5348 1761 5401 5
1777 5351 1889 5402 micham

244 5448 295 5497 quo
314 5432 523 5499 aehaecinfra
542 5433 632 5496 11,3o
650 5435 741 5486 desunt
861 5433 877 5486 6
900 5435 1043 5485 moderarer
1064 5432 1136 5502 uero]
1160 5437 1290 5488 moderare
1311 5452 1372 5488 uere
1392 5436 1441 5500 θ’,
1462 5438 1618 5488 moderatam
1634 5439 1658 5488 dr
1675 5454 1737 5488 uere
1760 5454 1827 5487 corr.
1843 5438 1892 5501 (3²,

244 5518 376 5569 moderare
398 5536 498 5583 reuera,
517 5520 539 5571 si
557 5521 619 5570 mihi
637 5522 710 5586 quasi
727 5528 812 5572 uestro
829 5521 932 5572 creditis
955 5521 1026 5571 cordi
1049 5522 1124 5589 infre
1142 5523 1188 5588 II,
1203 5526 1236 5574 39
1378 5521 1394 5573 7
1418 5529 1544 5575 ouatouus
1564 5524 1588 5574 G
1690 5524 1742 5575 tals
1764 5541 1849 5575 meum
1869 5526 1893 5575 G

245 5602 278 5653 12
301 5606 459 5655 namaciofl
575 5606 607 5658 13
629 5607 865 5658 aceruisaimumG
981 5605 1015 5659 18
1035 5609 1117 5660 filio
1231 5607 1265 5660 ‘21
1289 5611 1377 5661 autG
1491 5607 1526 5666 24
1548 5610 1670 5662 filiamG
1749 5610 1893 5663 solebarG

242 5688 277 5743 25
293 5692 491 5743 disrumtumll
592 5689 627 5743 34
644 5693 734 5744 uosG
837 5692 871 5746 36
889 5694 982 5746 noce

347 5808 476 5865 Smenos.
1652 5816 1688 5872 40
