4462 6216
1027 355 1208 411 xauscffll.
1871 359 1943 410 LXV

284 528 425 608 litteras,
442 529 560 614 quibus
578 528 751 594 Caesarius
767 529 926 613 synodum
943 529 1116 609 indixerat,
1134 529 1224 592 ta‘rdo
1242 528 1416 592 admodum
1433 528 1473 593 ad
1491 551 1526 594 se
1543 530 1682 608 venisse,
1699 529 1805 594 animo
1822 549 1941 614 magno

284 631 430 717 fortIque
454 633 633 718 peroravit:
656 633 745 713 putu,
769 633 882 716 inquit,
905 633 964 696 etsi
986 652 1050 696 uou
1064 652 1127 711 pro
1150 631 1303 713 dipuitate
1322 631 1370 696 oei
1384 652 1447 712 pro
1462 638 1565 697 aetate
1579 654 1644 697 uou
1658 633 1802 696 (debemus
1817 633 1943 695 tardius

283 756 383 816 quam
405 734 466 797 atii
487 736 681 812 commoneri,
703 736 760 816 qui
780 735 923 816 fortasse,
946 741 983 798 ut
1006 737 1113 799 urium
1127 735 1273 815 prudeus
1295 736 1413 813 dicam,
1436 737 1632 801 merebamur
1654 737 1787 813 audiri·
1813 736 1892 817 quea
1914 736 1944 799 si

283 839 362 902 aliis
377 860 489 903 nomeu
504 839 632 903 urbium
640 844 788 919 praestat
807 840 993 916 auctor-itas,
1015 840 1104 903 uobis
1118 841 1337 904 audacitatem
1354 841 1473 905 domem
1486 862 1551 904 ueri
1566 840 1651 904 debet
1665 839 1755 903 urbis
1768 839 1942 904 humilitas.

283 942 442 1023 siquidem
464 941 562 1007 rrrulto
583 942 696 1006 metius
723 941 881 1022 cautioque
907 943 1096 1006 cuaiueatius
1124 948 1181 1019 cst,
1209 944 1367 1007 civitatem
1392 944 1430 1007 de
1456 944 1615 1008 sacerdote
1636 964 1733 1023 quam
1754 944 1944 1016 sacerdotem

284 1046 324 1110 de
353 1046 480 1110 civitate
509 1051 671 1110 notescere.
730 1046 794 1110 Per
820 1047 949 1110 litteras
978 1045 1125 1110 Caesarii
1159 1047 1277 1111 certior
1306 1048 1414 1112 factus
1439 1055 1501 1111 'est
1527 1046 1722 1110 Eudamium
1752 1048 1944 1132 episcopum

286 1150 552 1236 ‘superveniente
581 1170 666 1212 anno
694 1149 835 1214 Tolosae
867 1148 1036 1234 synodum’
1070 1149 1192 1214 habere
1219 1151 1319 1230 valle,
1355 1173 1417 1236 quo
1452 1151 1551 1215 etiam
1578 1149 1745 1234 Hispanos
1775 1150 1943 1235 episcopos

287 1264 526 1317 convocaturus
550 1260 640 1317 esset
663 1252 708 1338 (p.
733 1254 885 1335 274,24).
932 1253 1029 1316 Hanc
1057 1254 1257 1318 celebratam
1286 1275 1357 1318 asse
1390 1255 1523 1338 negavit
1551 1253 1706 1316 Betucius
1736 1253 1845 1337 (Nova
1868 1255 1943 1318 coll.

288 1358 401 1422 concil.
419 1379 449 1442 p.
471 1356 582 1441 1465);
606 1378 679 1420 cum
705 1358 790 1420 enim
817 1379 901 1421 anno
919 1361 978 1421 507
1001 1359 1085 1421 inter
1102 1357 1364 1422 Chlodonechum
1383 1381 1495 1443 regem
1511 1359 1709 1422 Francorum
1727 1366 1760 1423 et
1775 1357 1942 1422 Alaricum

289 1459 470 1524 Gothorum
495 1460 617 1525 bellum
641 1462 834 1541 exarsisset,
858 1462 890 1524 in
916 1482 978 1545 quo
1002 1460 1055 1523 hic
1078 1461 1206 1523 occisus
1226 1468 1285 1539 est,
1310 1460 1610 1546 congregandorum
1627 1460 1834 1524 sacerdotum
1851 1463 1944 1546 regni

290 1562 420 1628 Gothici
445 1564 635 1628 facultatem
659 1586 733 1627 csse
757 1585 820 1627 non
843 1564 1002 1650 potuisse.
1048 1563 1093 1627 At
1115 1584 1181 1626 non
1204 1562 1311 1643 video,
1336 1586 1393 1628 cur
1416 1573 1591 1649 antequam
1615 1564 1782 1628 Alaricum
1800 1564 1943 1628 Pictoris

289 1673 475 1731 versantem
506 1689 565 1732 rex
598 1667 798 1732 Francorum
829 1688 1004 1753 aggressus
1034 1672 1101 1744 est,
1135 1688 1174 1731 co
1199 1688 1283 1729 anno
1308 1667 1454 1752 episcopi
1477 1668 1649 1731 convenire
1678 1688 1742 1730 non
1767 1669 1942 1752 potuerint.

290 1769 446 1834 Habitum
470 1791 541 1836 csse
564 1791 642 1835 vere
665 1770 823 1855 synodum
848 1771 940 1834 testis
965 1779 1016 1834 est
1037 1770 1177 1834 Sedatus
1202 1771 1375 1856 episcopus
1391 1770 1636 1851 Nemausensis,
1661 1771 1714 1855 qui
1738 1772 1835 1834 etiam
1852 1771 1942 1856 Aga-

289 1875 397 1939 thensi
421 1876 558 1938 concilio
582 1875 794 1954 interfuerat,
822 1876 855 1938 in
879 1875 996 1939 littoris
1021 1874 1062 1938 ad
1085 1873 1253 1938 Ruricium
1280 1874 1365 1938 datis
1391 1873 1472 1956 (uA.
1489 1874 1567 1957 IX):
1599 1873 1801 1949 reiterentu,
1830 1875 1943 1959 inquit,

289 1979 408 2058 opta-oi,
437 1984 474 2042 ut
504 1978 548 2041 ad
575 1978 788 2042 necessitatem
819 1979 926 2055 istam,
955 1999 1036 2059 quac
1064 1978 1116 2041 bic
1142 1999 1199 2042 uos
1227 1978 1386 2053 cubibuit,
1417 1977 1579 2054 euticetis,
1613 1983 1645 2040 et
1676 1984 1752 2062 post
1774 1978 1853 2040 alia:
1880 1999 1945 2041 uou

285 2083 380 2162 prius
402 2103 454 2163 epo
476 2102 498 2144 a
523 2081 635 2145 Tolosa
658 2086 833 2159 reverterer,
856 2102 953 2162 quam
975 2082 1181 2145 beatitudiuis
1201 2086 1322 2145 uestrae
1344 2086 1372 2144 et
1394 2079 1568 2161 stupularis
1591 2079 1678 2143 illius
1693 2080 1841 2142 caritatis
1856 2079 1943 2144 berce-

291 2185 456 2249 dictiouem
478 2185 779 2249 desideratissimam
793 2206 999 2264 proptererer.
1044 2184 1226 2270 Respondit
1248 2183 1399 2248 Ruricius
1424 2183 1478 2268 (R.
1502 2183 1547 2263 II,
1565 2182 1619 2267 35)
1644 2204 1694 2262 se,
1724 2183 1751 2245 si
1773 2184 1942 2263 valuisset,

292 2288 330 2353 ad
353 2288 512 2373 synodum
542 2288 697 2353 indictam
726 2290 942 2353 libentissime
966 2295 1138 2353 venturum
1170 2287 1286 2365 fuisse,
1310 2286 1367 2351 sed
1400 2286 1558 2373 disposito
1581 2286 1697 2350 itincre
1721 2285 1943 2350 imbecillitate

293 2392 541 2477 superveniente
566 2414 601 2455 se
624 2392 795 2456 inhibitum
821 2414 904 2470 esse,
929 2414 1002 2455 cum
1025 2414 1134 2457 aerem
1160 2392 1302 2476 regionis
1326 2392 1413 2454 illins
1430 2391 1516 2455 ferre
1534 2411 1597 2453 non
1614 2396 1732 2474 posset.
1774 2389 1943 2475 Simulque

293 2497 320 2559 oi
349 2515 469 2580 equum
500 2497 691 2575 transmisit,
720 2497 756 2561 iu
789 2497 842 2560 ora
878 2495 984 2573 uile—ru,
1014 2497 1050 2560 iu
1075 2494 1211 2576 epistula
1231 2496 1421 2576 pretiosum,
1454 2501 1539 2558 toste
1570 2493 1692 2559 Sedato
1726 2493 1809 2577 (ΡΑ.
1832 2492 1944 2577 ΧΙΙΙ).

292 2598 383 2663 Haec
407 2598 448 2663 de
472 2599 596 2684 synodo
619 2599 793 2664 Tolosana.
840 2601 942 2665 Paulo
966 2609 1050 2687 post,
1075 2601 1208 2665 Alarico
1225 2602 1344 2680 occiso,
1369 2600 1621 2665 Ohlodovochus
1637 2600 1849 2664 Lemovicum
1866 2601 1943 2664 civi-

293 2708 391 2766 tatem
420 2704 452 2766 in
482 2703 644 2768 dicionem
679 2703 813 2789 redegit.
868 2704 917 2767 Eo
941 2711 1092 2790 spectare
1115 2706 1228 2789 opinor
1251 2726 1334 2789 quae
1358 2704 1541 2788 Apollinari
1569 2703 1642 2767 duci
1668 2704 1887 2767 Arvernorum
1912 2704 1944 2767 in

292 2826 399 2890 pugna
414 2805 614 2890 Vogladensi
636 2805 749 2891 (Greg.
766 2808 841 2872 hist.
858 2808 911 2873 Fr.
930 2808 972 2888 ll,
990 2809 1044 2892 37)
1070 2809 1220 2873 Ruricius
1242 2811 1373 2895 scripsit
1394 2809 1437 2894 (p.
1456 2812 1528 2888 341,
1546 2809 1614 2893 34):
1637 2811 1816 2889 praestabit
1838 2811 1946 2890 itaque

292 2909 400 2972 dirriua
422 2911 655 2988 misericordia,
678 2917 723 2988 ut,
746 2911 934 2976 turrerdtibus
956 2915 1103 2993 tenuioris
1124 2913 1223 2976 buius
1244 2912 1291 2977 oet
1311 2913 1548 2977 necessitatibus
1570 2919 1629 2976 aut
1651 2911 1759 2977 deletis
1781 2915 1817 2976 iu
1832 2934 1944 2994 perpe·

292 3017 381 3076 tuum
411 3017 470 3076 aret
493 3035 669 3094 parumper
705 3016 871 3095 oeressis,
906 3018 1002 3080 citius
1030 3017 1157 3096 fruetus
1191 3039 1248 3082 uos
1277 3016 1378 3095 faeiat
1405 3017 1442 3080 de
1475 3022 1584 3081 uestra
1617 3038 1726 3096 capere
1748 3017 1943 3096 praeseutia.

398 3116 583 3181 Ecclesiam
614 3116 646 3181 S.
670 3118 848 3204 Augustini
871 3119 1140 3185 Lemovicensam
1169 3120 1343 3185 aRuricio
1373 3121 1493 3184 factam
1524 3142 1597 3184 esse
1627 3121 1719 3183 tostis
1753 3125 1804 3193 est
1826 3119 1943 3183 Fortu-

294 3227 387 3284 natus
411 3219 469 3300 IV,
494 3225 523 3299 5,
544 3226 595 3284 ll:

445 3329 578 3404 ternpore
599 3325 731 3405 quisque
752 3347 810 3389 suo
831 3325 975 3405 sremtaus
992 3328 1053 3407 pia
1075 3326 1189 3407 tempta
1207 3327 1338 3406 patroni

550 3428 608 3492 istc
630 3427 797 3513 (Ruricius
823 3429 945 3515 senior)
967 3430 1158 3511 Aupustiui,
1182 3430 1323 3494 condidit
1344 3428 1396 3493 iile
1420 3429 1551 3513 (iunior)
1577 3429 1673 3494 Petri.

295 3533 399 3597 Huius
432 3535 479 3599 rei
507 3532 595 3597 fama
623 3533 664 3597 ad
687 3532 890 3598 Bernardum
915 3533 1074 3598 Guidonis
1103 3535 1291 3618 scriptorem
1316 3555 1400 3598 saec.
1424 3531 1506 3596 XIV
1531 3531 1676 3613 duravit,
1700 3532 1754 3615 qui
1777 3533 1809 3596 in
1831 3533 1944 3597 libello

295 3636 333 3701 de
357 3637 525 3702 ordinibus
550 3635 837 3702 Grandimontensi
866 3645 897 3702 et
921 3639 1071 3724 Artigiao
1100 3639 1185 3702 inter
1215 3646 1326 3703 cetera
1354 3638 1394 3702 de
1418 3636 1550 3701 Ruricio
1573 3642 1684 3700 nostro
1707 3637 1789 3701 haec
1813 3637 1946 3722 s'cripsit

297 3739 430 3822 (labbe,
453 3740 546 3805 Nova
568 3740 654 3804 Bibl.
680 3740 757 3807 Mss.
782 3741 827 3823 II,
851 3763 881 3827 p.
907 3741 998 3825 277);
1022 3741 1160 3805 Sanctus
1182 3740 1333 3806 Roricius
1357 3740 1486 3804 XXIV
1504 3740 1667 3821 mrismpus
1688 3762 1710 3803 a
1734 3738 1765 3804 S.
1789 3739 1946 3805 Martiale

297 3844 433 3908 creditur
467 3843 568 3907 mcum
605 3865 706 3924 supra
741 3844 912 3927 Viperarum
940 3845 1088 3924 arceium,
1123 3845 1179 3908 ubi
1210 3866 1372 3909 coutmuue
1402 3845 1617 3908 eoenectcrium
1643 3849 1728 3921 erat,
1763 3845 1799 3909 iu
1831 3844 1946 3909 bonore

297 3945 326 4010 S.
346 3947 524 4029 Aupustiui
550 3948 686 4028 episcopi
715 3948 873 4012 dedicasse
899 3954 929 4011 et
955 3949 1132 4011 ‘instituisse
1161 3948 1272 4012 ibidem
1299 3949 1357 4012 sub
1385 3948 1416 4013 S.
1440 3948 1617 4029 Aupustiui
1643 3949 1753 4030 reputa
1780 3948 1946 4012 cauouicos

297 4050 450 4133 rmrdares
472 4056 502 4115 et
516 4049 629 4132 plures
650 4051 794 4133 cupellas,
819 4054 949 4117 nescius
973 4052 1057 4116 hanc
1080 4050 1113 4117 S.
1130 4052 1305 4136 Augustini
1321 4053 1467 4136 regulam
1484 4050 1615 4116 saeculo
1631 4051 1717 4115 XIII
1734 4053 1945 4116 vetustiorem

298 4156 348 4218 rix
381 4176 464 4219 esse.
523 4154 701 4220 Columnas
725 4156 920 4221 aedificandi
943 4177 1042 4220 causa
1065 4154 1198 4220 aOlaro
1222 4157 1374 4243 episcopo
1392 4155 1537 4219 Elusano
1561 4154 1624 4218 sibi
1647 4155 1846 4219 ministratas
1870 4177 1944 4220 esse

297 4257 445 4323 Ruricius
470 4259 584 4323 scribit
607 4260 656 4323 his
680 4261 802 4325 verbis:
836 4260 1058 4325 Decolumuis
1071 4261 1195 4341 pretias
1217 4281 1274 4342 apo
1296 4265 1334 4337 et,
1357 4261 1440 4323 sicut
1453 4259 1603 4335 iussistis,
1625 4259 1703 4339 quio
1717 4258 1807 4323 modo
1816 4264 1946 4339 proptu

297 4361 503 4427 immiueutem
531 4363 660 4426 biemeu
681 4363 824 4428 orbiculo
852 4364 907 4428 illo
930 4364 1063 4445 diripere
1084 4384 1149 4428 mou
1165 4386 1309 4444 possum,
1333 4369 1407 4444 post
1428 4369 1574 4427 saucium
1588 4363 1714 4443 pasclm
1733 4363 1875 4443 propitia
1897 4364 1945 4426 di·

296 4466 424 4529 ciuitate
446 4466 671 4529 trausmittam.
695 4467 732 4530 de
753 4468 929 4532 minoribus
950 4488 1034 4544 vero,
1057 4468 1141 4531 sicut
1162 4469 1250 4532 uerbo
1272 4468 1463 4546 mandastis,
1486 4467 1516 4530 si
1537 4467 1676 4530 iuocuiri
1691 4471 1843 4546 possunt,
1866 4465 1946 4530 neilti

296 4568 339 4632 oet
359 4570 462 4633 elecem
482 4570 679 4634 necessarias
700 4592 763 4635 esse
784 4572 927 4654 sipuifico
951 4572 994 4657 (p.
1019 4574 1092 4650 350,
1110 4571 1152 4657 7),

400 4672 554 4738 Ruricius
582 4694 717 4760 corpore
745 4676 887 4739 invalido
917 4675 988 4741 fuit.
1041 4674 1123 4739 Cum
1146 4674 1318 4740 Eutresius
1346 4674 1521 4761 episcopus
1549 4673 1663 4738 morbo
1692 4694 1766 4738 eum
1793 4674 1944 4738 laborare
1997 4719 2001 4727 ·

300 4778 512 4861 cognovisset,
535 4778 661 4841 litteras
684 4777 725 4842 de
749 4784 836 4842 statu
860 4780 930 4844 eius
954 4779 995 4843 ad
1019 4801 1093 4845 eum
1112 4777 1200 4843 dedit
1224 4778 1307 4855 (ΗΑ.
1329 4778 1411 4862 ΧΙ);
1442 4777 1659 4864 responditis
1683 4777 1763 4842 satis
1787 4799 1822 4841 so
1839 4777 1943 4841 tribu-

299 4878 396 4944 latum
418 4886 516 4946 antea
544 4881 611 4945 iam
634 4881 884 4948 commodiorem
909 4905 983 4948 esse
1013 4882 1065 4968 (R.
1083 4882 1117 4946 II
1140 4885 1206 4964 22).
1250 4882 1340 4946 Alibi
1369 4903 1442 4946 cum
1471 4882 1542 4968 ipse
1573 4880 1688 4945 fortior
1717 4885 1819 4961 esset,
1849 4902 1944 4946 omne

302 4981 503 5071 hospitiolum
535 4985 648 5049 scribit
680 4985 815 5050 diversis
843 4986 1086 5051 infirmitatibus
1116 4986 1264 5050 laborare
1293 4986 1496 5072 (p.340,1).
1551 4984 1627 5048 Huc
1655 4984 1737 5049 addc
1766 4984 1945 5047 senectutis

304 5085 563 5153 imbecillitatem.
608 5089 803 5168 Immiueute,
825 5091 939 5176 inquit,
963 5066 1029 5175 iiam
1044 5090 1225 5170 praeseutia
1247 5090 1316 5153 acui
1338 5089 1470 5153 teruriuo
1493 5093 1522 5152 et
1543 5088 1624 5151 soreii
1642 5088 1694 5152 die
1708 5108 1807 5168 usqam
1821 5107 1946 5167 quaque

306 5189 409 5270 cicino,
436 5192 520 5256 sicut
547 5212 606 5255 uos
632 5193 728 5255 etiam
755 5194 841 5257 docet
868 5193 1023 5257 caesaries
1050 5192 1180 5257 detonsa
1207 5192 1252 5278 (p.
1269 5194 1342 5273 327,
1360 5192 1423 5275 12).
1468 5190 1585 5276 Itaque
1616 5191 1723 5255 fessus
1755 5190 1944 5255 Caesarium

309 5289 491 5380 burdigalae
516 5294 596 5359 adiit
619 5295 664 5381 (p.
682 5298 754 5378 336,
772 5297 841 5381 24),
871 5297 1059 5361 infirmitate
1084 5293 1391 5361 ‘consuetudinaria'
1420 5294 1601 5381 prohibitus
1630 5315 1736 5379 neque
1760 5293 1947 5378 Agathensi

314 5397 421 5477 synodo
451 5399 596 5463 interfuit
624 5398 670 5484 (p.
688 5402 828 5483 336,23)
861 5422 968 5486 neque
996 5400 1136 5464 Tolosae
1161 5398 1317 5463 Sedatum
1340 5400 1480 5463 amicum
1515 5399 1690 5463 convenire
1715 5398 1837 5483 potuit:
1880 5417 1946 5474 uos,

316 5494 417 5582 iuquit,
445 5503 598 5567 tenuitate
627 5504 711 5567 exesi
739 5504 877 5584 corporis
904 5504 1105 5585 impedimur,
1230 5523 1278 5566 me
1306 5503 1402 5566 etiam
1422 5502 1551 5582 proprii
1577 5506 1607 5565 ct
1629 5501 1692 5566 dero
1721 5499 1835 5586 (pedes
1861 5498 1945 5584 scil.)

320 5603 542 5686 uertimreprae
556 5605 727 5687 desectione
748 5608 802 5671 via·
812 5611 949 5691 possuut
972 5608 1017 5693 (p.
1034 5607 1187 5690 338‚15).
1231 5605 1295 5669 His
1316 5603 1482 5670 decausis
1499 5604 1689 5670 verisimile
1707 5608 1758 5668 est
1786 5624 1861 5668 oum
1883 5623 1947 5666 non

406 5741 527 5797 Suomus.
1730 5739 1741 5794 i
