4552 6210
308 375 367 436 154
925 366 1062 423 SIDONII
1079 365 1337 421 EPISTULARUM

304 544 357 608 hic
380 543 529 628 proxime
554 541 693 627 abrupto
718 541 933 606 contubernio
957 523 1097 604 ancillae
1120 539 1442 625 propudiosissimae,
1466 538 1519 604 cui
1541 559 1576 603 se
1597 544 1701 603 totum
1717 538 1955 605 consuetudine

306 646 451 711 obscena
472 646 599 709 vinctus
623 644 807 723 addixerat,
831 643 1025 730 patrimonio
1049 643 1191 727 posteris
1214 642 1321 707 famae
1345 642 1454 707 subita
1477 642 1528 706 sui
1551 642 1756 707 correctione
1778 643 1958 709 consuluit.

253 754 272 814 2
304 770 445 835 namque
468 771 529 836 per
551 750 599 814 rei
623 748 791 812 familiaris
814 747 935 812 damna
957 751 1114 811 vacuatus
1138 752 1174 810 ut
1196 747 1335 832 primum
1359 745 1553 830 intellegere
1577 745 1688 831 coepit
1711 752 1745 810 et
1765 752 1956 823 retractare,

305 859 460 937 quantum
484 851 526 916 de
549 851 740 916 bonusculis
762 851 859 915 avitis
882 849 1093 936 paternisque
1117 850 1354 937 sumptuositas
1378 848 1579 915 domesticae
1601 843 1787 935 Charybdis
1809 850 1958 937 abligur-

239 1034 244 1046 .
304 957 410 1034 risset,
434 976 631 1041 quamquam
653 975 725 1020 sero
748 955 958 1040 resipiscens,
982 958 1127 1018 attamen
1150 952 1283 1018 tandem
1299 953 1400 1018 veluti
1421 952 1533 1018 frenos
1555 953 1729 1018 momordit
1743 954 1958 1041 excussitque
1996 971 2008 1007 ⁵

305 1060 450 1123 cervices
480 1065 578 1144 atque
601 1057 756 1135 Ulixeas,
788 1062 824 1122 ut
851 1056 975 1135 ferunt,
1007 1077 1100 1121 ceras
1132 1057 1265 1121 auribus
1296 1057 1399 1142 figens
1429 1057 1515 1143 fugit
1537 1055 1711 1122 adversum
1734 1058 1814 1123 vitia
1837 1056 1958 1124 surdus

304 1162 479 1228 meretricii
510 1161 734 1227 blandimenta
763 1160 926 1245 naufragii
959 1160 1183 1245 puellamque,
1215 1167 1312 1245 prout
1342 1159 1468 1240 decuit,
1506 1161 1664 1225 intactam
1691 1161 1741 1226 vir
1773 1160 1959 1227 laudandus

303 1265 337 1330 in
367 1266 607 1330 matrimonium
646 1263 842 1350 adsumpsit,
880 1270 946 1327 tarn
984 1262 1128 1327 moribus
1163 1264 1393 1347 natalibusque
1428 1269 1623 1329 summatem
1657 1285 1755 1351 quarn
1788 1264 1959 1331 facultatis

254 1371 272 1432 3
305 1369 505 1454 principalis.
540 1369 622 1434 haec
644 1367 775 1453 quidem
800 1367 911 1451 gloria,
936 1366 964 1429 si
980 1367 1164 1451 voluptates
1188 1367 1235 1432 sic
1252 1367 1447 1452 reliquisset,
1470 1373 1506 1432 ut
1521 1389 1582 1432 nec
1598 1369 1694 1433 uxori
1710 1369 1959 1455 coniugaretun

307 1470 375 1549 sed,
400 1472 460 1535 etsi
484 1471 568 1535 forte
593 1473 761 1555 contingat
785 1468 825 1534 ad
849 1468 953 1533 bonos
977 1490 1084 1533 mores
1108 1469 1150 1534 ab
1174 1490 1284 1534 errore
1309 1470 1460 1555 migrare,
1485 1491 1663 1557 paucorum
1684 1477 1737 1536 cst
1753 1472 1898 1559 incipere
1915 1470 1958 1537 de
1985 1486 2010 1525 ¹⁰

306 1576 481 1653 maxumis,
513 1582 545 1639 et
573 1597 647 1654 cos,
678 1571 733 1661 qui
762 1575 816 1639 diu
845 1579 949 1637 totum
972 1571 1169 1638 indulserint
1193 1572 1269 1654 sibi,
1297 1574 1446 1659 protinus
1469 1580 1573 1637 totum
1599 1581 1633 1639 et
1654 1575 1779 1660 pariter
1800 1572 1958 1645 incidere.

254 1681 272 1740 l
305 1678 458 1763 quocirca
479 1686 623 1743 vestrum
653 1685 704 1744 est
733 1677 893 1764 copulatis
923 1675 1071 1740 obtinere
1101 1697 1197 1762 quam
1223 1677 1364 1762 primum
1387 1698 1486 1764 prece
1511 1677 1627 1742 sedula
1649 1699 1740 1763 spem
1762 1677 1957 1754 liberorum3

305 1800 510 1865 consequens
540 1782 619 1857 erit,
650 1788 686 1845 ut
715 1781 782 1846 filio
811 1800 875 1845 uno
903 1779 1048 1842 alterove
1082 1780 1246 1865 susceptis
1270 1779 1319 1866 (et
1341 1780 1437 1845 nimis
1464 1779 1548 1866 dixi)
1577 1780 1743 1845 abstineat
1773 1779 1814 1845 de
1845 1787 1958 1847 cetero

303 1882 416 1962 licitis,
446 1884 501 1966 qui
532 1884 657 1949 inlicita
678 1885 907 1970 praesumpsit.
953 1902 1092 1967 namque
1123 1890 1156 1947 et
1186 1884 1342 1969 coniuges
1372 1883 1454 1970 ipsi,
1485 1904 1681 1969 quamquam
1713 1885 1807 1970 nupti
1837 1905 1954 1970 nuper,

304 1985 355 2048 his
387 1986 529 2050 moribus
560 1994 676 2072 agunt,
711 1988 773 2052 hac
799 1985 1010 2066 verecundis,
1041 2008 1119 2053 vere
1146 1993 1182 2051 ut
1214 2008 1390 2072 agnoscas,
1426 1988 1454 2051 si
1482 1988 1585 2052 semel
1612 1986 1749 2066 videris,
1780 1987 1957 2073 plurimum
1985 2003 2008 2041 ¹⁵

304 2109 377 2153 esse
405 2089 492 2172 quod
521 2089 651 2156 differat
682 2092 736 2155 ille
766 2091 1016 2156 honestissimus
1046 2092 1180 2156 uxorius
1214 2113 1305 2155 amor
1337 2091 1501 2176 figmentis
1531 2091 1771 2175 inlecebrisque
1800 2090 1956 2157 concubi·

304 2190 444 2256 nalibus.
489 2215 612 2260 mernor
634 2195 738 2260 nostri
761 2216 835 2260 esse
858 2194 1005 2280 dignare,
1028 2194 1161 2260 domiue
1185 2216 1280 2281 papa.
1508 2190 1513 2199 “

1089 2518 1167 2584 VII.

604 2671 817 2739 SIDONIUS
839 2672 1018 2738 DOMINO
1041 2671 1191 2737 PAPAE
1214 2672 1410 2739 REMIGIO
1435 2673 1654 2740 SALUTEM.

257 2832 266 2890 ¹
411 2806 548 2915 Qurnsu
572 2836 613 2900 ab
638 2836 796 2913 Arvernis
819 2834 989 2919 Belgicam
1013 2840 1131 2920 petens
1156 2835 1313 2922 (persona
1334 2836 1413 2900 mihi
1438 2837 1569 2923 cognita
1599 2843 1666 2917 est,
1699 2856 1798 2901 causa
1826 2837 1957 2921 ignota:

303 2961 364 3004 nco
394 2938 523 3024 refert),
553 2946 728 3025 postquam
751 2937 871 3003 Remos
903 2937 1095 3019 advenerat,
1127 2939 1267 3003 scribam
1296 2946 1387 3003 tuum
1417 2940 1486 3005 sive
1514 2938 1734 3026 bybliopolam
1758 2939 1864 3025 pretio
1886 2939 1956 3006 fors
1983 2956 2009 2994 2⁰

302 3045 373 3108 fuat
408 3043 559 3107 officione
599 3042 794 3108 demeritum
835 3042 1061 3127 copiosissimo
1096 3043 1179 3108 velis
1213 3044 1303 3107 -nolis
1343 3041 1620 3108 declamationum
1658 3049 1786 3107 tuarum
1821 3043 1957 3110 schedio

304 3147 460 3210 emunxit.
505 3147 560 3232 qui
583 3146 688 3211 redux
712 3146 804 3210 nobis
827 3151 926 3230 atque
950 3146 1066 3231 oppido
1090 3145 1341 3231 gloriabundus,
1372 3148 1493 3232 quippe
1525 3147 1688 3232 perceptis
1712 3150 1761 3209 tot
1783 3147 1958 3212 volumini-

302 3250 378 3329 bus,
407 3270 631 3335 quaecumque
661 3249 837 3329 detulerat,
868 3270 1063 3333 quamquam
1092 3250 1231 3314 mercari
1259 3250 1397 3335 paratis,
1428 3249 1513 3335 quod
1542 3256 1652 3313 tamen
1679 3249 1757 3312 civis
1781 3247 1859 3332 (neo
1884 3257 1955 3316 erat

303 3352 490 3439 iniustum),
523 3374 580 3438 pro
610 3373 745 3418 munere
774 3353 920 3437 ingessit.
967 3373 1064 3417 curae
1093 3353 1171 3416 mihi
1195 3374 1213 3417 e
1237 3353 1377 3438 vestigio
1400 3352 1461 3417 fuit
1483 3353 1600 3436 hisque
1623 3352 1678 3435 qui
1703 3351 1851 3435 student,
1882 3376 1957 3420 cum

407 3611 421 3662 1
440 3612 532 3663 abruto
552 3612 575 3664 0
641 3611 769 3663 haneillae
791 3612 820 3676 (h
837 3610 938 3661 inducit
957 3611 1004 3674 0¹)
1024 3612 1047 3662 0
1148 3609 1288 3663 aruncius
1305 3611 1435 3663 MIL'FP
1501 3613 1605 3693 subdita
1621 3615 1662 3665 sui
1680 3612 1731 3677 F¹,
1754 3614 1853 3665 subitas
1870 3614 1916 3681 qui
1934 3614 1959 3665 L

303 3731 320 3784 3
344 3749 448 3798 nanque
467 3732 501 3782 Μ
589 3749 633 3799 pro
654 3733 677 3783 0
768 3733 879 3800 drunpna
901 3732 973 3785 Tan*
1064 3735 1208 3801 intelligere
1231 3733 1265 3784 M
1266 3731 1360 3784 IL'FP
1487 3731 1505 3784 4
1522 3734 1649 3785 charibdis
1672 3734 1701 3797 T,
1726 3733 1836 3785 caribdis
1853 3733 1960 3786 MOFP

303 3810 470 3919 abligrisisset
488 3852 537 3918 L¹,
561 3853 725 3920 abligurisset
743 3853 772 3904 F
889 3851 906 3903 b
930 3870 1079 3921 quanquam
1096 3854 1156 3905 ΜΤ
1239 3861 1371 3906 *attamen
1390 3851 1481 3915 (anam
1503 3853 1548 3904 lta.
1566 3871 1633 3905 eros.
1654 3853 1687 3903 Μ
1693 3853 1713 3908 ¹)
1734 3854 1772 3918 Μ,
1796 3861 1913 3907 actamm
1931 3854 1962 3907 F

306 3971 370 4024 tiut
386 3973 460 4024 aiunt
482 3972 507 4022 Τ
580 3974 648 4025 vicia
669 3973 740 4025 TOF
849 3972 1035 4026 tisanana
1149 3973 1167 4025 8
1184 3975 1345 4026 matrimonio
1369 3974 1393 4023 Τ
1467 3975 1604 4041 assumpsit
1622 3974 1655 4024 M
1658 3974 1751 4026 IlOFP
1827 3975 1958 4029 natalibus

304 4101 474 4159 summantam
491 4093 521 4144 F
525 4094 532 4124 ¹
656 4091 673 4144 9
690 4095 753 4146 haec
771 4094 804 4158 L,
828 4103 896 4147 esset
913 4094 1042 4147 MTOFP
1135 4096 1274 4161 voluptatis
1291 4094 1315 4144 L
1447 4092 1480 4145 lO
1497 4097 1605 4162 megrari
1623 4096 1648 4145 L
1777 4095 1809 4147 ll
1828 4098 1958 4150 muumis

305 4215 333 4276 (u
351 4230 418 4265 corr.
437 4212 465 4263 ia
482 4214 491 4263 i
508 4210 560 4277 L¹)
573 4212 606 4276 L,
623 4214 739 4265 maximis
752 4212 881 4265 MTOFP
948 4230 985 4264 aa
1002 4222 1028 4265 et
1045 4214 1225 4266 difficillimum
1243 4214 1309 4267 eos?
1378 4172 1513 4267 indulserit
1526 4216 1571 4279 0¹,
1593 4199 1719 4269 indulcari
1736 4216 1765 4267 F
1866 4213 1900 4267 la
1916 4224 1958 4270 eat

304 4353 353 4388 om.
371 4335 397 4386 L
468 4290 584 4401 bpulatis
602 4333 642 4384 F¹
722 4334 836 4400 optinere
857 4334 880 4386 0
989 4331 1200 4414 inconsequens
1217 4334 1249 4398 L,
1272 4344 1298 4387 et
1316 4344 1373 4402 post
1391 4352 1551 4402 corrsequens
1569 4336 1699 4387 MTOFP
1811 4334 1843 4387 14
1860 4354 1913 4404 quo
1932 4336 1963 4389 F

304 4456 393 4507 illicita
411 4453 540 4506 MTOFP
626 4455 797 4521 praesumpsit
814 4453 948 4518 LMOFP,
972 4455 1126 4522 perpetravit
1148 4455 1173 4505 Τ
1259 4472 1361 4521 nanque
1379 4455 1413 4504 M
1501 4474 1647 4524 quanquam
1664 4456 1752 4520 LMT,
1776 4474 1905 4524 quaquam
1922 4456 1958 4532 F,

303 4581 414 4644 qaquam
432 4575 457 4626 P
525 4575 632 4642 nuptiae
648 4574 680 4640 L,
705 4576 778 4627 nubti
799 4574 824 4625 Τ
928 4574 1073 4628 15111311Ἰ
1138 4583 1221 4642 agunt
1238 4576 1329 4627 cm.O
1399 4594 1431 4628 ae
1451 4577 1551 4629 LTC'F
1617 4579 1717 4629 videres
1735 4573 1762 4628 L
1872 4576 1907 4630 16
1923 4535 1957 4644 qil

303 4695 383 4760 (corr.
400 4713 431 4748 aa
448 4693 485 4763 qd
503 4695 536 4745 M
540 4696 562 4761 ¹)
578 4694 636 4745 MP
723 4695 902 4762 illecebrisque
920 4695 953 4746 M
956 4695 1049 4747 TOFP
1177 4694 1209 4747 17
1232 4714 1327 4749 memor
1351 4699 1429 4749 nostri
1452 4715 1508 4750 esse
1528 4699 1633 4765 dignare
1656 4699 1757 4750 donrine
1775 4715 1842 4765 papa
1859 4714 1909 4750 cas.
1927 4698 1957 4762 Τ,

303 4817 349 4868 aed
366 4818 411 4884 lap.
426 4818 517 4868 VALE
535 4816 563 4867 in
580 4816 604 4865 Τ
685 4833 741 4868 esse
765 4817 869 4881 dignare
892 4815 994 4868 domine
1015 4833 1081 4884 papa
1102 4834 1151 4869 om.
1163 4817 1268 4869 MOFP
1392 4817 1425 4870 18
1448 4835 1505 4870 cnm
1525 4819 1596 4884 apim.
1616 4816 1657 4868 VI
1675 4819 1762 4870 cetera
1783 4818 1881 4871 ombria
1902 4819 1958 4871 siae

305 4939 487 5006 attemptionc
504 4937 606 5003 explicit
623 4936 651 5000 Τ,
668 4954 734 5002 qaae
751 4945 871 4989 arcuatur
884 4937 1028 5003 pallidiore
1046 4946 1188 4990 atramento
1206 4948 1316 4990 macta
1334 4947 1393 4990 mat
1403 4940 1431 4990 in
1443 4939 1477 4988 Μ
1534 4939 1654 4990 Sidonius
1666 4958 1714 4991 cca.
1725 4939 1753 4990 F
1810 4941 1957 4993 REMIGIO

304 5058 458 5109 PAPAEO
548 5057 656 5108 salutern
677 5074 726 5108 orn.
747 5056 800 5107 LF
930 5054 967 5109 20
984 5074 1069 5109 remus
1087 5053 1126 5121 L,
1152 5059 1228 5109 remis
1246 5058 1275 5109 F
1363 5076 1410 5111 eeu
1433 5059 1597 5126 bibliopolam
1615 5058 1720 5111 MCFP
1806 5060 1904 5126 praetio
1922 5056 1958 5124 L,

305 5178 404 5245 pcioO
498 5181 550 5230 fros
573 5179 630 5229 fuat
646 5174 681 5240 L,
704 5180 756 5230 sors
779 5179 834 5229 fuat
855 5195 921 5230 arca
940 5179 986 5242 0²,
1009 5180 1061 5229 fors
1083 5180 1197 5263 fructuat
1213 5177 1253 5228 F¹
1388 5177 1420 5230 21
1445 5180 1596 5265 officioveuq
1613 5178 1653 5229 F¹
1752 5181 1838 5232 scedio
1855 5179 1961 5233 MGFP

304 5294 339 5347 Ὦ
357 5298 402 5362 qui
420 5297 501 5348 redux
519 5298 594 5349 nobis
611 5304 688 5362 atque
707 5296 754 5348 boc
770 5297 842 5361 sipon
855 5291 892 5363 lip
905 5296 1098 5349 additoinima
1110 5316 1192 5366 morp.
1206 5300 1252 5366 lep.
1265 5301 1292 5351 ia
1305 5296 1332 5350 L
1383 5258 1476 5367 oppidi
1488 5297 1530 5351 L¹
1584 5300 1705 5367 peroertie
1717 5296 1744 5350 L
1829 5296 1864 5350 23
1881 5316 1958 5366 quae·

306 5432 417 5483 cumque
429 5416 552 5467 detolerat
563 5432 717 5481 quamquam
729 5415 837 5466 mercari
848 5417 944 5482 paratis
954 5413 988 5482 L,
1000 5418 1122 5484 quioquid
1133 5418 1260 5471 detulerat
1267 5437 1423 5486 quamquam
1433 5421 1590 5485 (quanquam
1598 5420 1629 5469 Μ
1632 5417 1640 5483 )
1650 5421 1756 5471 mereari
1766 5419 1861 5487 paratis
1869 5419 1959 5485 MFP,

306 5537 428 5602 quicquid
445 5521 481 5602 ῖμῐ
497 5536 604 5588 merua
621 5537 716 5601 pmcn
737 5537 901 5588 saturante
966 5540 1030 5591 orvs
1047 5537 1081 5603 1,
1103 5533 1197 5605 cui’c,
1220 5550 1249 5592 ut
1265 5542 1330 5594 esu·
1350 5539 1390 5605 (ut
1407 5558 1426 5591 a.
1446 5542 1464 5591 r.
1482 5542 1543 5592 aaa
1564 5541 1620 5604 nu
1639 5540 1721 5592 narr
1828 5538 1864 5593 aa
1880 5558 1958 5596 euna

306 5616 734 5722 minturnensibus,
755 5651 900 5711 curem't'²
975 5660 1084 5727 vegistio
1102 5659 1131 5711 F
