4552 6210
963 346 1099 401 SIDONII
1118 346 1316 401 CARMINUM

721 520 858 606 Iamque
881 521 943 586 iter
966 519 1008 585 ad
1030 520 1163 586 Thebas
1185 541 1247 606 per
1272 540 1428 606 magnum
1452 519 1557 585 vietor
1586 522 1707 606 agebat

622 639 647 675 ⁶³>
679 646 756 689 aera
779 632 812 688 et
834 624 875 689 ad
898 645 1042 690 summas
1065 630 1217 691 erexerat
1239 625 1331 710 orgia
1353 625 1470 703 nubes,

677 750 749 792 eum
773 727 863 793 videt
885 729 994 794 Aonia
1016 729 1203 794 venientem
1227 729 1348 794 Delion
1372 749 1460 794 aree.

676 853 797 918 grypas
822 839 855 896 et
878 832 949 918 ipse
972 838 1078 898 tonet:
1102 833 1211 896 vultus
1235 834 1286 896 his
1310 834 1424 898 laurea
1447 852 1564 897 curvos

676 936 790 1001 fronde
814 937 927 1023 lupata
949 937 1065 1021 ligant;
1089 934 1220 1002 hederis
1242 957 1372 1023 quoque
1397 936 1628 1021 circumplexis

674 1039 817 1126 pendula
840 1041 909 1105 lora
931 1041 1054 1115 viront;
1077 1041 1199 1105 sensim
1222 1040 1293 1105 fera
1316 1040 1467 1106 subvolat
1489 1041 1559 1105 ales

676 1143 783 1208 aerias
805 1150 977 1231 terraeque
1000 1145 1083 1224 vias,
1107 1165 1148 1209 ne
1171 1144 1254 1210 forte
1277 1146 1377 1210 citato

674 1248 800 1312 alarum
821 1249 959 1333 strepitu
982 1248 1128 1333 lignosas
1151 1248 1281 1334 frangat
1304 1247 1463 1314 habenas.

675 1354 845 1417 aeternum
869 1352 954 1417 nitet
975 1354 1046 1439 ipse
1069 1374 1186 1439 genam
1210 1373 1345 1419 crevere
1369 1353 1534 1439 corymbis

674 1464 824 1543 tempora
847 1463 879 1522 et
902 1464 1052 1522 auratum
1073 1458 1175 1522 verrit
1198 1478 1290 1523 coma
1314 1459 1469 1523 concolor
1490 1479 1606 1532 axem;

674 1562 885 1647 laevaparte
909 1568 1002 1628 tenet
1023 1568 1117 1627 vasta
1140 1561 1313 1627 dulcedine
1336 1583 1469 1627 raucam

631 1677 642 1712 5·
677 1665 803 1730 caelato
822 1665 972 1750 Pythone
997 1667 1110 1751 lyram,
1133 1686 1210 1751 pars
1233 1665 1351 1730 dextm
1373 1665 1512 1750 sagittas

674 1769 819 1834 eontinet
840 1775 938 1855 atquc
963 1770 1027 1834 alio
1051 1775 1242 1834 resonantes
1266 1788 1432 1833 murmure
1456 1789 1585 1834 nervos.

674 1869 766 1938 ibant
787 1872 956 1960 Pipliades
979 1874 1103 1959 pariter
1126 1873 1333 1958 mediumque
1358 1894 1486 1938 noveno

675 1978 954 2042 circumsistentes
977 1976 1172 2042 umbrabant
1194 1983 1339 2061 syrmate
1363 1996 1504 2042 currum

675 2076 797 2165 pendet
820 2101 879 2165 per
901 2087 1023 2146 teretes
1046 2079 1193 2168 tripodas
1218 2080 1418 2167 Epidaurius
1440 2080 1557 2165 anguis

619 2222 625 2235 ι
674 2184 811 2249 diffusus
834 2191 981 2248 sanctum
1004 2205 1064 2270 por
1087 2185 1171 2250 eolla
1193 2184 1337 2250 salubria
1359 2186 1460 2249 virus.

672 2286 726 2351 hie
748 2292 782 2351 et
804 2287 974 2352 crinisatas
997 2288 1155 2373 iungebat
1177 2288 1325 2373 Pegasus
1348 2289 1429 2365 alas,

674 2396 805 2475 portans
828 2391 1013 2477 doctiloquo
1037 2391 1213 2457 facundum
1236 2413 1329 2459 crure
1353 2391 1543 2457 Creontem.

721 2493 767 2558 Vt
789 2512 864 2560 sese
886 2494 1024 2559 iunxere
1047 2493 1147 2575 chori,
1171 2495 1340 2580 consurgit
1363 2502 1501 2580 uterque

673 2597 782 2661 fratris
806 2598 840 2661 in
863 2599 1046 2684 amplexus,
1068 2597 1127 2663 sed
1150 2599 1249 2683 paulo
1274 2598 1409 2683 segnior
1431 2597 1536 2677 Euan,

618 2715 643 2752 ὅτ»
673 2700 749 2764 dum
772 2700 874 2787 pudet
897 2701 1076 2778 instabiles,
1100 2702 1128 2766 si
1151 2708 1273 2787 surgat,
1298 2701 1437 2788 prodere
1460 2702 1603 2788 plantas.

673 2813 742 2869 turn
765 2802 932 2870 Phoebus:
957 2810 1032 2892 ‘quo
1056 2804 1197 2893 pergisl’
1231 2807 1286 2885 ait,
1309 2810 1397 2869 ‘num
1421 2806 1506 2872 forte
1530 2811 1703 2882 nocentes.

673 2908 814 2990 Bacche,
837 2908 923 2995 petis
946 2907 1096 2973 Thebas?
1120 2917 1152 2974 te
1176 2916 1286 2974 cretus
1310 2906 1457 2974 Echione
1481 2930 1600 2995 nempe

673 3010 818 3097 abnegat
832 3032 905 3076 esse
921 3010 1029 3076 deum.
1067 3013 1177 3096 linque
1193 3011 1284 3091 haec,
1301 3032 1391 3097 rogo,
1414 3013 1553 3093 moenia,
1578 3012 1702 3097 linquo,

673 3124 706 3181 et
728 3136 856 3182 mecum
878 3136 974 3200 mage
998 3116 1093 3181 flecte
1117 3122 1216 3181 rotas.
1261 3115 1415 3201 despexit
1439 3114 1556 3201 Agaue

672 3227 705 3285 te
728 3220 836 3285 colere
860 3226 894 3285 ct
916 3225 1046 3284 uosmet
1068 3217 1191 3294 Niobe;
1217 3219 1301 3303 riget
1325 3218 1400 3284 inde
1424 3217 1579 3305 superba,

675 3324 811 3389 vulnera
829 3328 878 3387 tot
900 3323 1031 3408 patiens
1054 3328 1132 3407 quot
1156 3328 1283 3408 spectat
1306 3320 1442 3386 vulnera
1466 3321 1601 3400 ventris,

673 3433 906 3514 optantemque
930 3426 1012 3491 mori
1035 3425 1167 3512 gravius
1190 3426 1366 3491 elementia
1387 3425 1475 3501 fixit;

672 3551 810 3617 parcere
834 3550 934 3616 saepe
957 3530 1080 3594 malum
1104 3536 1154 3595 est
1177 3550 1377 3616 sensumque
1406 3530 1525 3595 inferre
1549 3528 1665 3594 dolori.

673 3636 742 3720 ipsa
765 3640 876 3699 autem
897 3641 974 3700 nato
997 3635 1105 3699 occiso
1128 3632 1291 3698 Pentheia
1313 3641 1429 3715 mater,

631 3778 635 3787 ι
673 3738 814 3824 amplius
837 3746 872 3802 ut
893 3738 1003 3817 furiat,
1026 3737 1182 3823 numquid
1206 3758 1270 3802 non
1294 3759 1376 3803 sana
1397 3738 1507 3804 lutura
1530 3744 1602 3804 est?

674 3863 796 3927 ergone
820 3842 945 3907 Aonios
967 3843 1070 3907 eolles
1094 3842 1243 3908 habitare
1266 3843 1423 3923 valemus,

672 3967 745 4011 curn
767 3946 869 4032 patris
892 3946 1027 4011 extincti
1052 3945 1204 4010 thalamis
1227 3947 1372 4032 potietur
1394 3946 1533 4027 adulter,

672 4050 774 4114 frater
795 4055 957 4129 natorum,
981 4049 1124 4114 coniunx
1146 4050 1326 4135 genetricis
1350 4048 1533 4129 habendus,

672 4153 806 4217 vitricus
829 4153 900 4238 ipse
923 4159 1020 4218 suus?
1051 4152 1143 4217 cordi
1165 4159 1216 4218 est
1240 4153 1268 4217 si
1292 4153 1429 4238 iungere
1453 4174 1614 4238 gressum,

675 4256 781 4320 dicam
803 4276 868 4341 qua
889 4256 1012 4342 pariter
1035 4256 1149 4321 eedem
1172 4257 1292 4322 tellure
1316 4258 1472 4322 locemus.

717 4357 779 4424 Est
801 4361 893 4425 locus
915 4361 1039 4446 irrigua
1061 4381 1126 4446 qua
1149 4381 1243 4446 rupe,
1266 4359 1435 4425 Garumna
1457 4367 1574 4431 rotato.

672 4468 705 4527 et
727 4472 763 4526 tu
786 4464 841 4548 qui
864 4463 963 4527 simili
985 4463 1125 4529 festinus
1149 4464 1182 4527 in
1206 4485 1350 4549 aequora
1372 4464 1469 4549 lapsu

672 4565 744 4631 exis
767 4572 912 4645 curvata,
935 4565 1062 4630 Durani
1086 4587 1248 4646 muscose,
1272 4566 1420 4647 saburra,

672 4669 736 4732 iam
758 4668 984 4754 pigrescentes
1009 4670 1130 4735 sensim
1154 4669 1353 4735 confunditis
1376 4691 1502 4736 amnes.

409 4949 444 5001 lii)
461 4950 493 5001 ad
510 4947 540 5014 al
558 4949 695 5000 adsumam
713 4946 742 4997 F
845 4944 880 4998 68
897 4946 997 4998 heredis
1015 4945 1040 4996 P
1142 4944 1172 4997 71
1193 4947 1319 5013 ligneasae
1337 4947 1362 4998 P
1474 4945 1507 4998 ’14
1525 4955 1596 5000 casta
1614 4946 1667 4999 Leo
1776 4947 1808 5001 li
1828 4952 1957 5019 Pipliades

307 5038 409 5104 scripse
426 5037 556 5104 popliades
569 5035 643 5087 codd.
748 5030 782 5084 ’18
799 5032 1096 5084 circumsistententesl'
1198 5030 1231 5083 19
1250 5034 1361 5099 pendent
1375 5033 1414 5084 0·
1516 5032 1549 5086 81
1569 5035 1671 5086 hiucT
1770 5034 1961 5090 auctoralem

314 5123 477 5174 ll'itamoteilr
497 5122 542 5189 (rs.
555 5120 650 5172 Rcbcrt
671 5119 743 5171 Erat.
762 5127 850 5171 actast.
864 5124 924 5180 reor
944 5118 1023 5169 aelml.
1044 5120 1128 5169 Gerar.
1144 5122 1240 5181 90,11,·
1258 5123 1341 5183 159,8
1359 5120 1417 5186 Br.)
1542 5120 1576 5172 83
1595 5124 1696 5175 iussere
1709 5123 1734 5174 P
1845 5122 1881 5176 84
1897 5126 1965 5178 συθ

307 5225 392 5260 curren
410 5208 464 5271 CF,
487 5225 561 5260 onam
576 5207 600 5257 P
727 5203 762 5256 86
784 5202 855 5270 riuus}
878 5222 929 5255 uon
946 5204 971 5254 Τ
1099 5202 1132 5255 87
1154 5212 1263 5270 peuteus
1285 5222 1304 5257 a.
1323 5222 1372 5256 rer.
1387 5205 1425 5257 0¹³
1554 5207 1589 5260 88
1612 5211 1675 5261 haee
1696 5210 1800 5277 eeriyrm
1824 5212 1864 5262 hia
1885 5210 1960 5263 could

306 5294 341 5345 89
364 5311 464 5346 mecum
487 5310 579 5361 magne
596 5292 629 5355 F,
652 5309 737 5344 mcum
758 5308 808 5358 age
827 5291 865 5341 (1¹⁸
944 5307 1045 5356 ugauue
1065 5290 1110 5341 ΟΡ
1219 5289 1254 5341 90
1280 5292 1346 5343 nobe
1364 5290 1392 5341 F
1464 5297 1575 5362 anrcrba
1596 5298 1699 5364 scripsi·
1725 5299 1864 5365 superbum
1885 5298 1961 5350 rodel.

306 5378 338 5430 91
358 5381 435 5431 iactat
453 5380 617 5431 ll'ilcnmwilr
705 5379 813 5445 pignora
831 5378 927 5428 ventris
945 5378 1020 5443 sachso
1141 5375 1174 5427 aa
1198 5379 1263 5429 dixit
1284 5378 1330 5430 T¹.
1351 5378 1426 5429 fiuxit
1444 5380 1484 5430 ΟΒ
1604 5380 1638 5433 93
1659 5401 1823 5450 senseruntque
1840 5386 1920 5437 insere
1938 5383 1965 5435 P

306 5465 400 5517 doloris
412 5466 554 5516 Buecheler
647 5462 681 5515 94
698 5474 776 5531 gnato
789 5464 830 5515 Pa
922 5462 955 5513 lli)
973 5462 1108 5513 l'uriautF
1160 5466 1274 5531 uunquid
1289 5465 1338 5515 Tr'
1425 5463 1459 5515 97
1478 5470 1622 5519 cxttmil’e
1712 5470 1747 5522 99
1765 5472 1887 5524 victricua
1897 5470 1966 5523 (1⁸1²

307 5550 352 5601 1111
375 5553 398 5602 .i.
417 5553 485 5602 aeria
502 5569 559 5617 rap.
578 5552 675 5619 irrigua
693 5551 731 5601 (lb
800 5568 915 5619 garonna
936 5551 958 5601 0
1024 5558 1111 5602 notate
1130 5550 1157 5601 F
1265 5550 1360 5602 lit-2111
1379 5552 1437 5615 quis
1456 5552 1489 5613 1¹¹,
1507 5556 1551 5620 qui
1570 5566 1597 5606 tu
1618 5557 1641 5605 (¹
1707 5554 1794 5624 lapan}
1813 5574 1892 5609 errrau
1917 5558 1956 5609 Τ·

307 5635 357 5687 104
377 5639 392 5688 i.
411 5655 434 5704 p.
453 5654 473 5686 s.
492 5654 513 5688 e.
533 5654 621 5689 ornares
640 5638 673 5701 F,
691 5641 705 5689 i.
726 5657 748 5706 p.
768 5639 926 5689 eorrluuditis
944 5638 1062 5704 aequoris
1081 5638 1163 5689 undas
1187 5639 1211 5688 Τ
