4462 6216
520 1606 528 1621 ‚
615 1447 1079 1575 susannam
1120 1448 1213 1574 sa
1249 1449 1617 1576 nonnam.

280 1792 309 1843 p.
340 1774 403 1833 2,22
420 1789 471 1841 sep.
483 1772 646 1826 Ralumuus
659 1771 832 1839 praepositus
844 1770 1032 1839 minuans,
1050 1771 1098 1838 qui
1110 1788 1135 1824 u.
1150 1778 1215 1826 1160
1229 1776 1301 1840 pasta
1315 1770 1449 1825 Faunei·
1461 1771 1482 1825 I
1494 1771 1658 1840 bupcratoris
1670 1773 1813 1828 ‹1110qu
1825 1772 1942 1842 eptem

425 1857 595 1927 Frisinpeusi
611 1857 737 1911 incohata
753 1857 871 1925 alisolcs't,
891 1857 920 1910 ia
937 1861 1050 1910 caucaso
1067 1872 1144 1925 opere
1161 1856 1190 1923 (l.
1204 1858 1225 1910 I
1229 1858 1274 1912 Vc.
1286 1865 1321 1913 86
1325 1877 1335 1926 ,·
1349 1858 1389 1912 ut.
1409 1857 1507 1926 Wauz)
1524 1858 1589 1912 llaec
1608 1859 1646 1912 ad
1661 1860 1845 1929 imperatorem
1861 1875 1942 1912 nsum

422 1946 521 1999 retudit
537 1946 595 1998 sta:
616 1943 701 1998 Divus
714 1944 857 2013 Augustus
870 1943 1036 2008 Fridericus,
1054 1946 1088 1998 ut
1105 1944 1148 1997 ‘de
1161 1944 1340 1999 'theoderico'
1358 1945 1473 2014 quidam
1492 1945 1596 2009 scribit,
1616 1949 1645 2001 et
1663 1947 1785 2002 moribus
1805 1949 1835 2001 et
1851 1946 1942 2001 forma

424 2031 489 2085 talis
507 2034 562 2093 est,
581 2033 613 2084 ut
632 2031 670 2083 ‘et
687 2029 744 2083 illis
762 2028 873 2099 dignus’
892 2029 930 2083 sit
947 2029 1078 2099 ‘agnosci¹
1096 2030 1144 2098 qui
1164 2047 1228 2085 eum
1246 2030 1338 2085 minus
1356 2031 1535 2086 familiariter
1552 2033 1711 2088 intuentur:
1734 2034 1777 2088 ita
1794 2049 1940 2104 personam

423 2122 508 2171 ‘suam
527 2117 595 2171 deus
612 2116 718 2170 arbiter
736 2119 765 2170 et
785 2116 858 2171 ratio
875 2119 993 2170 naturae
1005 2121 1214 2172 consummatae
1230 2117 1375 2173 felicitatis
1393 2118 1459 2173 dote
1477 2117 1584 2173 sociata
1596 2120 1783 2174 cumularunt
1817 2118 1941 2174 Moribus

424 2202 631 2267 ‘huiuscemodi
649 2205 683 2257 ut
700 2202 830 2256 laudibus
849 2219 944 2257 corum
962 2202 1058 2264 nichil,
1076 2205 1120 2257 ne'
1139 2204 1251 2273 imperii
1269 2204 1391 2273 ‘quidem
1409 2205 1521 2259 fraudet
1539 2204 1654 2260 invidia.
1690 2207 1791 2261 Forma
1809 2205 1941 2275 corporis'

424 2290 555 2344 decenter
581 2293 700 2355 exacta,
728 2292 837 2343 statura
859 2289 1029 2359 longissimis
1053 2289 1173 2354 brevior,
1200 2290 1340 2360 procerior
1364 2289 1586 2358 eminentiorque
1608 2291 1811 2347 mediocribus‘
1853 2292 1940 2345 Flava

424 2377 576 2439 ‘caesaries
595 2376 741 2446 paululum
759 2393 777 2430 a
794 2377 899 2431 vertice
916 2375 1017 2431 frontis
1030 2376 1161 2447 crispata.
1197 2378 1293 2431 Aures*
1312 2377 1359 2431 vix
1372 2376 1621 2447 ‘superiacentibus
1634 2377 1756 2432 crinibus
1768 2378 1941 2448 operiuntur.

424 2464 542 2517 tonsorc'
565 2481 616 2532 pro
640 2463 797 2518 reverentia
820 2463 932 2533 imperii
951 2463 1022 2533 pilos
1040 2464 1143 2534 capitis
1161 2468 1190 2519 et
1207 2481 1342 2533 genarum
1361 2464 1490 2518 ‘assidua'
1509 2464 1662 2519 succisione
1680 2468 1818 2520 curtante.
1854 2464 1940 2519 Orbes

425 2551 565 2605 oculorum
584 2550 659 2604 acuti
680 2553 709 2604 et
721 2550 901 2620 perspicaces,
920 2554 1012 2605 ‘nasus
1028 2553 1179 2616 venustus',
1198 2551 1286 2606 barba
1303 2551 1427 2617 subrufa,
1445 2551 1532 2605 ‘labra
1549 2551 1668 2605 subtilia
1684 2568 1734 2607 nec
1752 2552 1866 2606 dilatati
1885 2551 1940 2606 oris

425 2637 543 2707 ‘angulis
564 2636 710 2705 ampliata'
732 2639 849 2705 totaque
871 2637 959 2691 facies
983 2638 1059 2691 laeta
1084 2640 1113 2692 et
1136 2638 1241 2693 hilaris.
1277 2638 1408 2692 Dentiunr
1433 2637 1517 2692 series
1541 2637 1672 2693 ordinata
1688 2638 1801 2693 niveum
1819 2638 1938 2692 colorem

424 2726 642 2793 repraesentant.
678 2722 816 2778 ‘Gutturis
835 2726 865 2777 et
887 2723 966 2789 colli,
991 2741 1047 2778 non
1066 2723 1154 2785 obesi,
1176 2724 1233 2778 sed'
1253 2741 1403 2795 parumper
1421 2724 1597 2789 succulenti,
1620 2725 1712 2779 lactea
1730 2724 1804 2780 cutis
1822 2727 1851 2778 et
1869 2740 1942 2793 quae

425 2809 550 2864 ‘iuvenili
568 2808 668 2863 rubore
680 2808 865 2873 suffundatur,
884 2827 1002 2878 eumque
1021 2810 1064 2864 illi
1082 2811 1177 2866 crebro
1190 2811 1310 2866 colorem
1328 2829 1384 2865 non
1401 2811 1452 2876 ira,
1471 2811 1518 2865 sed
1531 2810 1699 2865 verecundia
1713 2811 1789 2866 facit.
1816 2810 1941 2865 Humeri'

424 2896 566 2966 paulisper
584 2895 781 2965 prominentes.
818 2897 859 2950 ‘ln
883 2896 1032 2951 succinctis
1055 2896 1140 2952 ilibus
1163 2897 1251 2967 vigor.
1271 2897 1358 2952 Crura
1381 2897 1452 2950 suris
1469 2897 1542 2951 fulta
1560 2896 1747 2966 turgentibus'
1765 2895 1943 2951 honorabilia

425 2986 452 3035 et
476 2982 546 3036 benc
574 2983 705 3037 mascula.
741 2985 866 3037 Incessus
891 2983 985 3037 firmus
1009 2986 1038 3037 et
1061 2988 1203 3043 constans.
1229 3001 1282 3038 vox
1305 2984 1381 3037 clara
1404 2986 1521 3052 totaque
1546 2982 1669 3053 corporis
1688 2983 1825 3036 habitudo
1844 2982 1942 3036 virilis.

424 3068 555 3123 Extrema
579 3070 643 3122 baec
666 3068 815 3138 adsumpsit
837 3085 869 3123 cu
886 3070 1027 3124 Eiubardc'
1048 3071 1103 3124 aare
1123 3071 1212 3125 Caroli
1235 3072 1325 3139 rapui
1343 3073 1374 3135 (c.
1395 3074 1446 3139 22).
1465 3101 1498 3110 -
1516 3069 1606 3123 Aureli
1629 3070 1693 3123 haec
1706 3074 1848 3138 propterca
1872 3067 1944 3136 puori

424 3155 513 3209 umba:
535 3156 558 3209 si
577 3173 642 3209 casu
660 3155 789 3209 dentium
806 3155 891 3209 series
909 3156 1039 3210 ordinata
1057 3156 1243 3226 praemineat,
1262 3157 1375 3211 niseum
1393 3156 1521 3226 protinus
1537 3158 1729 3225 repraesentat
1746 3154 1806 3224 ipse
1823 3155 1940 3209 colorem

423 3247 527 3309 reperta
544 3258 577 3296 aa
594 3242 691 3295 murts
709 3243 739 3295 iu
756 3259 812 3296 uuo
831 3242 917 3295 coelice
934 3259 989 3296 pou
1008 3243 1106 3311 optimo
1125 3243 1215 3299 Puris.
1227 3244 1293 3299 9551
1307 3242 1360 3312 (F)
1379 3259 1444 3297 saec.
1460 3242 1528 3295 XII
1542 3242 1661 3296 exeuntia
1678 3240 1777 3308 (cadem
1788 3246 1942 3309 recepeaml

433 3327 599 3381 Wouereuus
617 3332 657 3381 ‘erc
668 3330 723 3381 uu!
740 3334 764 3381 et
784 3328 888 3382 Susura
905 3334 1016 3397 reputa,
1033 3335 1064 3382 ut
1081 3330 1124 3382 bic
1140 3331 1188 3397 ait,
1205 3335 1228 3383 a
1245 3328 1324 3398 apud
1342 3328 1519 3383 Rabuciuum
1537 3333 1560 3381 a
1578 3330 1619 3381 ‘erc
1634 3328 1727 3381 Amor.
1741 3333 1763 3381 et
1776 3327 1846 3382 Pia.
1861 3329 1941 3395 mss.’)

423 3419 446 3466 et
464 3430 632 3482 ueqrcaqaam
650 3415 800 3468 Sidenum
818 3415 895 3483 apud
912 3416 1087 3471 Massiuam
1103 3416 1223 3484 redeant,
1243 3421 1298 3483 aut,
1315 3415 1345 3468 id
1361 3415 1432 3483 quod
1450 3415 1547 3468 conicit
1566 3413 1714 3480 Gratassou
1731 3413 1775 3481 (dc
1786 3414 1942 3482 Apollinari

427 3499 537 3554 Sidonio
555 3499 717 3554 omonimus
731 3518 759 3568 p.
770 3504 805 3569 3),
824 3517 856 3554 aa
875 3501 1080 3555 Rabcsciuiauis
1097 3503 1128 3555 iu
1146 3502 1306 3555 rtulouiauos
1323 3501 1403 3554 libros
1420 3500 1522 3568 aliquot
1540 3500 1674 3553 translata
1692 3506 1749 3566 aut,
1769 3498 1842 3568 quod
1858 3499 1943 3567 mapis

425 3586 589 3655 crediderim,
608 3604 669 3640 craia
686 3593 763 3641 tenor
779 3604 933 3656 uuprsopere
949 3588 1064 3656 differat,
1084 3588 1239 3656 deprompta
1256 3606 1275 3639 u
1294 3586 1440 3641 Rabaciuo
1457 3601 1491 3640 cc
1503 3584 1651 3639 Ssiiouiauo
1668 3585 1809 3653 ccauplari
1822 3585 1943 3638 Pariani

424 3673 497 3725 illius
514 3673 601 3726 ¹scissili.

300 3790 322 3841 p.
334 3777 372 3837 21,
388 3777 497 3841 5-22,7
514 3777 616 3829 adussit
638 3777 669 3828 iu
690 3775 777 3830 calice
795 3777 963 3845 Scrupullmsi
985 3776 1036 3845 (G)
1053 3793 1080 3829 a.
1094 3778 1145 3831 190
1159 3793 1188 3844 p.
1203 3776 1339 3831 130-132
1357 3792 1393 3844 co,
1416 3790 1449 3828 aa
1466 3791 1519 3842 qua
1536 3774 1613 3841 iufra
1629 3773 1714 3827 alitae
1730 3778 1795 3827 aava
1812 3774 1943 3842 cpistsclac

426 3863 524 3917 Pausa
541 3869 565 3915 ct
585 3862 709 3927 Breuci&
726 3862 785 3916 ride
801 3879 869 3931 quac
888 3863 1042 3916 Kruacbias
1060 3863 1092 3915 de
1108 3879 1138 3915 co
1155 3862 1284 3915 *raamias
1301 3862 1424 3930 appossuit
1438 3860 1523 3930 praefi
1539 3876 1568 3927 p.
1583 3858 1670 3913 lxix
1689 3876 1725 3927 sq.
1762 3859 1941 3930 Archetypum

424 3951 481 4002 cius
502 3950 604 4017 rdipcot
625 3948 719 4001 habiat
742 3949 867 4015 pustulas
888 3948 1064 4015 Salonianum,
1088 3948 1134 4001 sed
1150 3947 1214 4000 iuste
1230 3948 1261 4000 iu
1278 3948 1423 4015 metopium
1439 3950 1570 4014 aepactas
1586 3961 1644 3998 uois
1662 3944 1942 3999 cramisiacum

424 4035 522 4101 (cauus
539 4036 570 4088 iu
583 4035 668 4103 praefi
683 4052 712 4102 p.
725 4034 813 4088 Ierll
830 4052 883 4102 aq.,·
899 4036 932 4101 cs.
944 4036 1022 4101 basra
1035 4052 1065 4102 p.
1075 4035 1171 4097 27516
1188 4050 1248 4087 crem
1267 4038 1347 4100 corr.)
1366 4039 1389 4085 et
1406 4048 1473 4100 pars
1490 4038 1605 4086 wamia
1616 4030 1744 4098 optandae
1758 4031 1863 4099 parmae
1880 4031 1941 4084 libri

423 4121 540 4176 madi.
584 4121 670 4174 Varia
688 4122 761 4174 tectio
778 4121 829 4174 loci
845 4121 997 4190 superstites
1013 4121 1076 4175 lucc
1093 4126 1137 4175 est.

303 4240 323 4290 p.
333 4226 371 4292 21,
387 4230 405 4282 5
422 4225 536 4297 quippe]
555 4224 662 4294 quique

390 4316 407 4368 b
425 4313 488 4383 iste]
507 4313 566 4382 ipse

390 4400 405 4452 7
424 4400 606 4467 furtunasqua

424 4485 462 4538 ibi
482 4487 560 4539 etum
579 4484 605 4535 (ι’

389 4574 406 4625 8
424 4573 469 4626 lric
485 4589 535 4626 ora.

389 4659 406 4711 9
423 4658 536 4729 aperiri]
556 4657 665 4728 aperire

423 4745 523 4814 exigit]
543 4743 639 4813 exegit
657 4744 697 4811 (iu
716 4744 854 4812 marpiuc:
875 4759 926 4811 ego
945 4744 1039 4795 anilem
1059 4741 1087 4794 in
1106 4740 1230 4801 domino)

376 4834 407 4885 10
423 4832 609 4886 calomniatur

377 4921 405 4971 ll
424 4918 499 4972 furta
516 4918 574 4987 nel]
594 4917 704 4970 futurae
724 4916 775 4979 (1¹¹,
794 4915 889 4969 futura
907 4916 951 4969 uel
972 4915 1015 4967 G²

424 5004 523 5074 punire
540 5005 586 5057 uel
605 5003 707 5071 iacere]
727 5004 818 5055 facere
837 5003 880 5055 uel
901 5002 1000 5071 punire

380 5090 563 5159 minitatus]
583 5090 621 5143 uic
641 5088 691 5147 θ’.
711 5088 831 5141 initiatis
852 5088 895 5138 (3²

381 5176 409 5226 15
425 5176 536 5246 accipit]
556 5175 667 5243 accepit.

427 5261 553 5331 concilio]
573 5260 690 5314 consilio

385 5346 412 5398 li
429 5348 562 5418 hostibus]
581 5345 740 5416 hospitibus

429 5434 537 5504 altaria]
555 5434 615 5488 alto
636 5432 676 5484 θ’

430 5520 489 5589 reis]
508 5521 568 5574 risis
586 5521 618 5572 iu
635 5537 684 5588 usp.
704 5518 769 5573 adu
790 5518 833 5570 (r'²

386 5604 415 5655 l'i
432 5622 545 5661 carceres
564 5606 682 5673 clericis]
703 5606 818 5659 carceris
837 5605 951 5657 elericos
