4462 6216
773 353 881 409 LIBER
900 354 934 419 ΙΙ,
957 352 994 408 LI
1011 353 1029 422 ὅ
1046 355 1064 409 6
1081 383 1114 394 -
1134 354 1196 410 LVI
1212 355 1230 424 ἕ
1247 358 1272 412 3.
1785 361 1846 424 347

198 525 348 612 dependo
373 526 596 612 sospitationis
620 526 762 591 officium
787 526 948 612 simulque
971 527 1131 615 deposco,
1161 534 1198 593 ut
1229 550 1285 614 pre
1312 528 1406 593 nobis
1435 549 1527 595 orare
1556 527 1737 613 dignemini
1760 536 1793 594 et
1815 531 1849 596 id
1904 529 1938 601 G

198 652 218 694 a
241 632 402 695 communi
426 629 555 694 domino
578 631 776 717 peculiarius
798 631 976 717 postulare,
999 633 1123 697 utiam
1146 631 1279 697 tandem
1302 632 1478 718 aliquando
1502 633 1535 696 in
1558 653 1657 696 unum
1680 634 1792 699 venire
1816 640 1850 698 ct

198 756 256 798 nos
280 734 391 799 videre
413 754 608 813 mereamur,
631 739 668 797 ut
691 734 826 815 caritas,
856 755 939 819 quae
964 735 1144 801 seeundum
1167 737 1364 801 sententiam
1387 734 1581 801 dominicam
1606 736 1639 800 in
1662 738 1850 822 pectoribus

197 839 316 902 nostris
347 859 407 924 per
436 838 637 913 absentiam,
671 837 756 923 quod
785 838 881 923 peius
910 845 977 920 est,
1011 839 1156 919 refrixit,
1189 861 1249 925 per
1276 840 1496 926 praesentiam
1523 839 1642 904 iterum
1671 841 1705 904 in
1737 841 1850 926 sopitis

158 942 361 1006 ticineribus
393 942 569 1007 suscitetur
603 947 636 1007 et
665 940 749 1005 vivis
772 941 913 1006 uocibus
944 944 1037 1029 quasi
1074 944 1165 1009 noris
1201 944 1332 1008 flatibus
1361 943 1482 1008 veteris
1515 943 1634 1006 amoris
1669 943 1851 1008 redivivum

198 1051 370 1130 reparetur
392 1044 594 1109 incendium:
630 1042 717 1130 quod
745 1065 834 1110 more
863 1050 962 1130 atque
990 1046 1109 1110 virtute
1138 1046 1223 1132 ignis
1253 1046 1355 1126 illius,
1388 1067 1486 1131 quem
1516 1044 1665 1110 dominus
1697 1046 1787 1111 misit
1817 1047 1850 1111 in
1883 1050 1902 1111 3

196 1154 332 1229 terram,
362 1154 396 1213 ct
423 1149 533 1234 spinas
566 1147 794 1232 neglegentiae
826 1153 959 1213 nostrae
982 1154 1082 1234 atque
1109 1147 1256 1214 desidiae
1279 1150 1311 1213 vi
1336 1155 1473 1213 naturae
1496 1148 1641 1235 potentis
1671 1156 1788 1214 exurat
1818 1155 1851 1213 et

198 1250 352 1316 tenebras
374 1249 566 1316 dormientis
590 1250 696 1314 cordis
719 1250 901 1316 inluminet.

990 1523 1060 1590 LV.

529 1674 641 1740 ITEM
664 1675 773 1741 ALIA
796 1675 973 1743 RURIOII
996 1677 1058 1742 AD
1081 1677 1222 1743 IPSUM
1245 1676 1515 1746 EPISCOPUM.

308 1792 505 1901 Assmmrss
528 1821 766 1908 supplicantum
791 1823 923 1910 supplet
944 1823 978 1887 in
999 1823 1093 1888 nobis
1116 1825 1242 1910 gratiae
1259 1823 1440 1887 communis
1458 1822 1611 1905 officium,
1633 1830 1670 1888 nt
1685 1822 1747 1887 hoc
1763 1822 1849 1909 quod
1884 1827 1896 1885 1

197 1924 306 1989 facere
336 1924 515 1989 debeamus
544 1946 604 2011 per
631 1931 765 1990 mutuae
797 1925 983 1991 dilectionis
1013 1926 1166 1990 affectum
1196 1926 1353 1991 faciamus
1375 1946 1435 2012 per
1457 1933 1617 1992 externae
1639 1928 1850 1992 necessitatis

196 2028 382 2112 imperium,
418 2027 495 2091 dum
523 2028 650 2092 alienae
677 2028 850 2094 tribuimus
877 2029 1043 2115 petitioni,
1077 2028 1163 2116 quod
1195 2030 1346 2116 propriae
1380 2027 1501 2093 debere
1535 2049 1593 2093 nos
1623 2031 1849 2116 cognoscimus

199 2130 338 2210 caritati,
360 2136 397 2193 ut
419 2131 502 2195 baec
526 2131 708 2196 litterarum
730 2131 942 2198 necessitudo
966 2139 1058 2199 esset
1080 2154 1122 2198 ex
1142 2134 1309 2198 voluntate
1333 2132 1584 2197 necessitudinis
1607 2133 1760 2215 iucunda,
1783 2153 1848 2198 non

146 2250 169 2288 1⁵
197 2256 238 2299 ex
275 2236 460 2299 calamitate
500 2233 699 2321 deplorantis
738 2243 877 2302 extorta.
929 2242 1041 2302 tamen
1078 2236 1155 2323 quia
1191 2242 1408 2321 spontaneam
1444 2235 1609 2301 scribendi
1644 2237 1849 2322 neglegimus
1882 2239 1901 2300 2

196 2338 350 2423 gratiam,
381 2339 489 2402 saltim
518 2340 781 2424 praetermittere
810 2360 875 2404 non
903 2339 1062 2406 debemus
1085 2341 1259 2426 ingestam.
1304 2339 1443 2426 ideoque
1467 2360 1527 2426 per
1548 2339 1683 2406 fratrem
1707 2347 1740 2404 et
1762 2362 1849 2406 eom·
1882 2343 1901 2405 3

196 2442 425 2527 presbyterum
454 2448 601 2508 nostrum
629 2442 849 2526 Maxentium,
885 2465 982 2531 quem
1016 2445 1109 2510 nobis
1144 2445 1243 2509 frater
1275 2450 1388 2509 noster
1422 2443 1596 2529 episcopus
1626 2445 1731 2530 ipsius
1761 2465 1849 2509 eom-

197 2543 373 2624 mendavit,
397 2543 483 2621 dedi,
508 2546 636 2631 quibus,
661 2548 875 2634 sospitatione
898 2546 1052 2635 depensa,
1080 2549 1186 2634 ipsum
1209 2546 1406 2635 apostolatui
1428 2551 1537 2611 vestro
1562 2545 1740 2611 secundum
1763 2546 1848 2632 quod

197 2649 375 2734 postulavit
404 2649 548 2730 insinuo,
580 2652 656 2734 quia
683 2651 750 2716 illic
778 2657 871 2717 notos
902 2658 936 2716 et
964 2651 1087 2715 amicos
1117 2651 1240 2716 habere
1272 2672 1308 2714 se
1340 2650 1433 2730 dicit,
1465 2651 1521 2735 qui
1552 2670 1627 2714 eum
1655 2649 1850 2715 beatitudini

145 2764 171 2802 ²⁰
197 2758 328 2816 vestrae
350 2752 478 2837 possint
505 2752 538 2816 in
565 2754 733 2838 praesenti
762 2755 891 2840 plenius
920 2754 1084 2837 intimare,
1115 2775 1251 2840 quorum
1280 2753 1469 2818 testimonio
1496 2753 1602 2838 pessit
1629 2752 1731 2833 credi,
1762 2752 1848 2838 quod

198 2856 370 2919 assertioni
392 2856 495 2941 ipsius
518 2856 660 2922 fortasse
683 2878 747 2922 nen
771 2858 925 2925 ereditur.

979 3128 1069 3196 LVI.

840 3281 952 3347 ITEM
975 3281 1037 3347 AD
1059 3280 1209 3348 IPSUM.

304 3400 395 3495 Fran
415 3430 516 3495 nostri
531 3429 714 3496 Ommatius
732 3437 764 3495 et
780 3429 964 3516 liparchius
980 3427 1023 3494 ad
1039 3451 1090 3495 me
1112 3429 1240 3495 litteras
1263 3429 1379 3514 plenas
1401 3428 1545 3494 lacrimis
1569 3436 1602 3495 et
1624 3428 1848 3515 deploratione
1883 3434 1911 3492 1·

35 3536 42 3550 ’
146 3545 171 3585 ²⁵
197 3533 371 3613 miserunt,
405 3533 592 3618 specialiter
619 3532 853 3619 deprecantes,
882 3542 919 3599 ut
949 3532 1036 3620 apud
1060 3535 1270 3600 sanctitatem
1294 3540 1436 3599 vestram
1460 3556 1518 3620 pro
1540 3534 1726 3618 ignorantia
1749 3533 1850 3618 ipsius

198 3636 256 3699 filii
286 3637 387 3700 nostri
410 3635 565 3722 Eparehii
594 3636 792 3703 intercessor
823 3638 1017 3712 existerem
1049 3636 1268 3718 confidentes,
1297 3636 1382 3721 quod
1409 3656 1469 3723 pro
1499 3657 1609 3703 amore
1633 3643 1745 3701 mutuo
1769 3636 1851 3700 nibil

197 3738 292 3802 nobis
315 3760 437 3823 negare
461 3738 636 3806 deberetis.
674 3739 815 3827 ideoque
832 3741 1062 3828 presbyterum
1078 3747 1226 3806 nostrum
1242 3740 1458 3806 Eusebiolum
1474 3738 1515 3805 ad
1530 3741 1689 3826 pietatem
1705 3745 1849 3805 vestram
1882 3742 1903 3805 2

197 3841 230 3904 in
253 3841 315 3905 hae
339 3862 439 3906 eausa
465 3841 583 3908 direxi.
629 3865 810 3930 perquem
843 3845 949 3909 saluto
978 3843 1153 3930 plurimum
1183 3850 1217 3909 et
1248 3864 1344 3929 rogo,
1373 3849 1411 3908 ut
1438 3843 1602 3930 praefato,
1634 3844 1718 3908 sicut
1744 3842 1851 3923 decet,

198 3944 399 4010 sufficienter
429 3944 609 4021 admonito,
637 3946 872 4032 indulgentiam
903 3948 1004 4011 errori
1026 3947 1115 4011 illius
1139 3946 1216 4011 dare
1239 3967 1299 4033 pro
1322 3951 1436 4011 nostra
1464 3944 1702 4032 supplicatione
1735 3944 1850 4031 digne-

146 4059 172 4097 ³⁰
199 4048 295 4125 mini,
324 4049 399 4133 quia
423 4049 507 4114 sieut
529 4050 563 4113 in
585 4049 776 4115 defensione
799 4051 930 4137 peccati
953 4051 1053 4115 stulte
1077 4055 1175 4134 atque
1198 4048 1377 4114 infideliter
1399 4047 1589 4134 perduranti
1612 4049 1721 4135 eulpa,
1746 4047 1850 4114 donec

198 4157 357 4234 agnoscat
384 4160 523 4233 reatum,
553 4173 618 4217 non
641 4152 742 4219 debet
764 4153 922 4234 relaxari,
953 4154 1001 4217 ite
1023 4152 1146 4239 agnitio
1170 4151 1300 4238 peccati
1322 4151 1423 4217 debet
1446 4152 1595 4218 conferre
1619 4151 1748 4216 veniam
1772 4173 1850 4216 eon-

198 4252 313 4317 fitenti.
358 4255 540 4319 remedium
569 4261 619 4319 est
647 4256 733 4319 enim
764 4256 842 4320 mali
871 4255 1034 4321 confessio
1062 4276 1127 4319 nou
1157 4256 1310 4320 simulata
1338 4254 1449 4320 delicti
1476 4275 1537 4319 nce
1560 4255 1676 4318 ultioni
1699 4255 1851 4340 publicae
1884 4256 1903 4317 3

199 4356 390 4442 relinquitur
412 4358 515 4439 locus,
538 4358 595 4423 ubi
618 4379 705 4437 reus,
729 4360 927 4426 conscientia
949 4364 1134 4450 torquente,
1157 4359 1297 4446 punitur.
1331 4354 1346 4386 ⁴

300 4632 318 4684 3
335 4631 436 4685 Mattb.
456 4631 556 4696 XXIV,
575 4633 616 4685 12.
704 4634 721 4688 6
739 4632 804 4687 Luc.
823 4632 884 4695 XII,
902 4633 945 4688 49.

302 4788 461 4857 ldepcndo]
486 4792 551 4842 corsi.
573 4791 700 4855 Ooaisias,
721 4792 871 4858 deponendo
891 4788 916 4842 G
1030 4787 1149 4858 4psius]
1168 4790 1268 4856 scripsi,
1290 4790 1357 4856 peris
1377 4784 1411 4852 G,
1432 4789 1466 4854 cs.
1484 4788 1559 4852 infre
1577 4787 1619 4851 11,
1636 4792 1668 4839 64
1750 4785 1849 4854 sopitis]

201 4873 359 4940 Ls'r‘tjelmrm,
376 4878 478 4944 sospitis
492 4874 518 4928 G
603 4878 727 4930 5flatiba
740 4874 766 4928 G
853 4876 913 4930 let
928 4874 1059 4942 tenebras]
1073 4875 1231 4942 Ls'ttjobaan,
1244 4871 1418 4927 tenebrasG·
1484 4870 1665 4940 8inluminet]
1678 4874 1810 4925 linitadd.
1826 4870 1852 4924 G

199 4958 232 5010 10
249 4963 326 5012 rurici
341 4959 367 5012 G
454 4962 484 5015 11
505 4961 705 5032 supplicantum]
719 4962 878 5030 hajulans,
894 4958 1106 5030 supplicatumG
1193 4959 1225 5012 12
1243 4962 1381 5014 debeamus
1393 4956 1450 5027 per]
1462 4959 1561 5025 scripsi,
1578 4960 1716 5011 debeamus
1728 4976 1806 5026 super
1817 4955 1852 5021 G,

196 5045 320 5097 debemus
335 5065 413 5116 super
429 5051 492 5101 ceni.
503 5050 644 5101 Messenen
705 5047 835 5116 affectum]
848 5044 882 5113 G,
898 5047 1145 5101 affectuMomnuen
1242 5044 1275 5098 14
1290 5045 1461 5110 necessitudo,
1479 5060 1545 5109 quae
1556 5051 1624 5095 esset
1635 5045 1699 5095 coni.
1710 5044 1852 5095 Mommsen

198 5147 250 5181 uon
268 5129 312 5198 ex]
330 5135 430 5199 scripsi,
448 5153 516 5187 nouo
531 5132 565 5200 G,
582 5154 633 5187 non
652 5136 725 5188 iuuet
743 5136 807 5187 ceni.
822 5133 965 5186 dlommren
1065 5131 1097 5184 17
1115 5118 1211 5201 epffiG
1305 5130 1339 5183 18
1356 5132 1442 5196 dedis,
1460 5146 1513 5180 res.
1528 5136 1539 5180 t
1552 5125 1595 5179 G:
1613 5130 1661 5180 has
1679 5129 1850 5193 desiderator,

196 5223 225 5264 at
242 5234 324 5282 capre
338 5218 409 5281 Ina
501 5219 534 5271 19
552 5218 653 5272 hareG
744 5219 779 5273 24
795 5218 873 5273 flliG
929 5217 1188 5286 ommatiuslscsipai,
1206 5214 1356 5271 omaciusG
1446 5214 1480 5266 26
1498 5211 1642 5281 eparchiG
1731 5213 1765 5266 21
1784 5217 1852 5267 ideo·

198 5299 257 5367 que]
276 5303 435 5369 Lrltjolreaa,
458 5307 576 5372 idemque
590 5304 616 5358 G
735 5305 769 5358 28
786 5302 894 5359 eausG
974 5302 1081 5358 dicitG
1197 5302 1232 5355 29
1249 5304 1435 5371 supplicatione
1458 5299 1610 5367 dignemini]
1633 5301 1697 5351 coni.
1710 5299 1852 5354 Mammea

150 5395 152 5398 '
197 5389 270 5453 (qnia
280 5398 405 5455 repetem
414 5393 483 5443 male
492 5391 668 5460 perninetum),
679 5395 890 5460 supplicationem
902 5393 991 5458 iniqua
1001 5395 1079 5458 (cerr.
1091 5393 1190 5459 iniquia
1200 5389 1254 5456 G¹)
1269 5388 1303 5455 G,
1320 5391 1506 5458 supplicatione
1514 5389 1618 5440 minime
1631 5391 1719 5455 iniqua
1732 5390 1851 5442 malaca

197 5473 233 5525 30
250 5476 392 5528 defossione
407 5474 433 5527 G
497 5477 630 5532 stultaeG
733 5479 766 5532 31
785 5476 847 5546 non]
866 5496 914 5530 ora
928 5474 963 5542 G,
980 5479 1064 5545 suppl.
1080 5479 1198 5530 matam
1261 5474 1386 5543 conferre]
1405 5477 1432 5527 in
1448 5491 1503 5527 raa.
1517 5470 1559 5525 0¹
