4552 6210
360 380 401 441 38
755 368 892 423 SIDONII
910 365 1171 421 EPISTULARUM
1191 365 1296 419 LIBER
1315 365 1350 432 11,
1373 365 1457 431 1357
1476 394 1509 403 —
1530 363 1623 429 1452.

359 548 473 612 odores
497 553 530 611 et
551 544 779 609 madescentes
801 541 902 605 nardo
926 540 1061 625 capillos
1089 539 1284 603 circumfusa
1310 538 1424 601 florum
1456 541 1545 600 serta
1575 536 1754 616 siccarent,
1784 534 1892 619 eoepit
1914 550 2013 616 supra

358 658 489 736 tergum
511 650 556 712 sie
580 646 800 713 recumbentis
825 650 960 730 repente
984 642 1103 705 vibrari
1126 663 1237 706 mucro
1265 641 1439 705 destrictus
1463 661 1481 704 e
1505 638 1733 713 lacunaribus,
1764 637 1819 723 qui
1841 635 2017 700 ridebatur

358 754 391 817 in
407 752 554 839 iugulum
571 750 741 836 purpurati
765 749 975 831 iamiamque
1000 748 1159 811 ruiturus:
1187 767 1263 809 nam
1285 745 1339 809 filo
1363 744 1503 829 equinae
1527 749 1639 807 saetae
1663 744 1782 828 ligatus
1806 745 1840 805 et
1861 740 1908 802 ita
1931 758 2012 825 pon·

360 856 439 921 dere
461 856 573 920 minax
595 862 631 917 ut
655 853 803 917 acumine
827 851 937 937 gulam
960 849 1160 913 formidolosi
1177 848 1338 913 Tantaleo
1361 846 1511 911 frenabat
1533 845 1695 930 exemplo,
1718 865 1760 908 ne
1783 843 1848 908 cibi
1870 841 2011 927 ingressi

307 962 327 1023 8
360 982 420 1045 per
442 980 499 1024 ora
521 978 580 1043 pcr
602 956 737 1020 vulnera
761 956 899 1020 exirent.
950 952 1036 1017 unde
1066 959 1140 1038 post
1166 953 1286 1015 mixtas
1315 950 1444 1016 fletibus
1467 970 1582 1034 preces
1607 952 1705 1032 atque
1728 945 1919 1011 multimoda
1941 967 2013 1009 sus·
2055 966 2067 1003 ι

358 1064 441 1149 piria
469 1063 524 1126 rix
552 1059 721 1124 absolutus
750 1059 976 1141 emicatimque
1004 1056 1177 1143 prosiliens
1205 1056 1261 1118 illa
1290 1054 1410 1138 refugit
1447 1053 1616 1117 eeleritate
1649 1050 1779 1114 divitias
1813 1049 2013 1134 deliciasque

292 1196 297 1201 ·
359 1166 504 1250 regales,
536 1185 600 1249 qua
629 1163 736 1226 solent
764 1163 893 1247 appeti,
928 1159 1083 1224 reductus
1111 1158 1152 1222 ad
1182 1157 1345 1223 desideria
1374 1155 1586 1221 mediocrium
1614 1154 1729 1217 timore
1758 1173 1956 1217 summorum
1979 1157 2014 1216 et

359 1269 439 1332 satis
464 1289 601 1347 cavens,
629 1287 670 1331 ue
698 1264 831 1330 beatum
862 1265 948 1328 ultra
971 1262 1096 1327 diceret
1118 1261 1317 1344 duceretque
1340 1260 1395 1345 qui
1419 1265 1551 1343 saeptus
1575 1258 1673 1322 armis
1698 1278 1736 1320 ac
1758 1255 1957 1321 satellitibus
1980 1260 2013 1319 et

357 1393 418 1457 per
439 1371 500 1435 hoe
522 1371 625 1456 raptis
648 1370 807 1433 incubans
836 1367 951 1452 opibus
981 1367 1068 1430 ferro
1091 1386 1225 1452 pressus
1249 1369 1413 1449 premeret
1436 1384 1561 1428 aurum.
1605 1368 1802 1447 quapropter
1824 1359 1866 1425 ad
1889 1366 2010 1424 statum

355 1473 556 1555 huiusmodi,
580 1472 709 1536 domine
730 1472 847 1549 frater,
877 1471 987 1535 nescio
1011 1491 1052 1533 an
1077 1474 1206 1533 constet
1227 1466 1364 1531 tendere
1387 1466 1518 1545 beatos,
1543 1469 1636 1551 patet
1658 1472 1748 1529 certe
1771 1464 1911 1529 miseros
1934 1483 2010 1550 per·
2041 1480 2065 1518 ιο

358 1578 481 1642 venire.
528 1577 614 1641 vale.

1140 1861 1233 1928 XIV.

771 2014 984 2080 SIDONIUS
1008 2014 1245 2080 MAURUSIO
1270 2015 1356 2080 SUO
1381 2014 1603 2081 SALUTEM.

309 2158 322 2216 l
468 2136 584 2228 Anno
608 2161 787 2227 industriae
811 2167 887 2226 tuae
910 2162 1059 2248 votisque
1084 2161 1309 2227 communibus
1332 2162 1482 2228 uberiore
1505 2166 1680 2249 proventu,
1709 2182 1808 2247 quam
1829 2160 2014 2227 minabatur

359 2266 479 2331 sterilis
516 2288 637 2347 annus,
671 2266 868 2352 respondere
908 2266 1112 2331 vindemiam.
1169 2267 1255 2331 unde
1284 2275 1317 2332 et
1344 2269 1376 2331 in
1403 2289 1488 2353 pago
1511 2267 1732 2346 vialoscensi,
1767 2266 1822 2351 qui
1851 2264 2013 2331 Martialis

358 2374 468 2434 aetate
492 2370 644 2435 citeriore
667 2371 830 2434 vocitatus
854 2375 904 2433 est
927 2376 1061 2455 propter
1083 2370 1221 2435 hiberna
1243 2371 1408 2454 legionum
1424 2369 1634 2449 Iulianarum,
1657 2369 1805 2457 suspicor
1827 2368 2011 2434 diuturnius
2041 2390 2065 2429 rs

358 2478 391 2537 te
415 2479 630 2548 moraturum;
653 2493 716 2557 quo
739 2474 800 2538 loci
824 2472 883 2537 tibi
906 2494 978 2537 oum
1001 2474 1095 2537 ferax
1118 2474 1216 2538 vinea
1239 2481 1306 2554 est,
1331 2481 1398 2538 tum
1422 2482 1554 2560 praeter
1576 2475 1682 2559 ipsam
1705 2472 1874 2560 praedium
1897 2494 2015 2557 magno

365 2597 428 2639 non
451 2576 559 2639 minus
583 2575 728 2649 domino,
756 2576 842 2662 quod
872 2582 906 2641 te
929 2582 1067 2662 tuosque
1090 2577 1258 2663 plurifaria
1280 2578 1410 2662 frugum
1433 2579 1701 2663 mansionumque
1724 2576 1800 2641 dote
1823 2582 2014 2643 remoretur.

306 2679 326 2741 2
359 2678 450 2743 ilicet
472 2679 499 2743 si
522 2678 649 2744 horreis
672 2679 904 2766 apothecisque
929 2701 989 2744 seu
1012 2701 1098 2764 penu
1121 2681 1257 2766 impleta
1279 2680 1424 2745 destinas
1446 2682 1514 2746 illic
1529 2702 1632 2766 usque
1652 2680 1695 2745 ed
1710 2680 1886 2745 adventum
1901 2680 2013 2745 hirun-

359 2780 491 2846 dineum
514 2782 567 2847 vel
591 2784 773 2848 ciconinum
792 2783 865 2848 Iani
881 2783 1074 2868 Numaeque
1097 2783 1270 2869 ninguidos
1285 2805 1416 2849 menses
1440 2785 1473 2848 in
1496 2785 1562 2848 otio
1584 2784 1759 2868 fuliginoso
1782 2784 1851 2849 sive
1870 2783 2015 2849 tunicata

360 2885 470 2969 quiete
492 2885 730 2963 transmittere,
761 2888 854 2952 nobis
877 2909 1005 2973 quoquc
1036 2909 1150 2974 parum
1180 2889 1213 2952 in
1243 2888 1361 2975 oppido
1383 2889 1566 2952 fructuosae
1590 2889 1736 2973 protinus
1759 2888 2015 2975 amputabuntur
2039 2907 2068 2948 so

361 3010 480 3054 causae
502 3011 676 3073 morarum,
699 2999 745 3071 ut,
769 2993 845 3057 dum
869 2994 941 3079 ipse
965 2993 1115 3056 nimirum
1139 2994 1256 3058 frueris
1279 3015 1364 3074 rure,
1388 3015 1447 3058 nos
1469 3000 1502 3058 te
1525 2993 1685 3074 fruamur,
1708 2991 1842 3077 quibus,
1863 2998 1899 3056 ut
1920 3010 2013 3057 reco-

358 3093 505 3177 gnoscis,
538 3115 602 3158 non
624 3096 729 3180 magis
760 3094 847 3160 cordi
877 3103 927 3160 est
954 3103 1011 3159 aut
1039 3096 1197 3181 voluptati
1220 3118 1301 3179 ager
1330 3118 1401 3161 eum
1426 3096 1584 3161 reditibus
1606 3095 1739 3180 amplis,
1770 3115 1866 3179 quam
1890 3094 2014 3159 vicinus

360 3198 507 3281 aequalis
530 3218 604 3262 eum
627 3199 721 3263 bonis
745 3200 896 3264 moribus.
944 3200 1027 3263 vale.

461 3454 557 3506 lente
575 3457 729 3508 circumfusa
748 3459 794 3523 lep.
813 3460 836 3508 δι
853 3457 923 3507 iah
1027 3455 1162 3510 Evibmrs
1180 3458 1209 3508 F
1261 3443 1404 3513 'detectus
1422 3454 1553 3567 MTYp'Ilfolo'
1618 3456 1825 3510 lucsnsribusC
1926 3453 2014 3509 true

358 3572 434 3639 (post.
454 3575 462 3624 i
480 3591 547 3626 cras.
573 3574 623 3639 0¹)
644 3576 666 3626 C
783 3574 848 3627 4ut
864 3595 884 3627 a.
904 3578 921 3627 l.
945 3576 1007 3628 arta
1032 3577 1079 3627 Μ’
1161 3536 1283 3659 aeulmine
1306 3577 1347 3628 F’
1423 3581 1546 3633 vtantalio
1565 3579 1626 3642 M1,
1652 3579 1757 3632 tantalis
1776 3576 1828 3628 FP
1910 3577 1971 3645 cybi
1987 3574 2018 3628 F

361 3690 378 3743 5
407 3694 508 3746 exirent
534 3712 579 3760 per
605 3696 712 3747 vulnera
740 3697 763 3747 C
863 3697 889 3762 ρ’
913 3696 948 3746 T¹
1088 3696 1105 3748 6
1131 3700 1237 3751 disicias
1258 3698 1302 3751 01²
1404 3700 1503 3751 delitias
1521 3698 1550 3749 F
1685 3697 1818 3766 Tragales
1836 3695 1864 3763 (a
1880 3704 1904 3748 et
1914 3703 2013 3763 poste

359 3811 387 3862 in
403 3830 457 3864 raa.
476 3810 536 3878 Μ’)
556 3813 589 3863 Μ
671 3816 755 3881 appeti
781 3815 799 3879 (i
818 3816 845 3865 ἱιι
863 3833 916 3865 raa.
936 3816 966 3865 Μ
973 3817 992 3877 ¹)
1011 3816 1042 3866 Μ
1161 3816 1290 3869 SdIceret
1313 3818 1380 3869 ultre
1397 3817 1426 3869 F
1562 3816 1595 3869 10
1612 3836 1646 3870 au
1663 3836 1683 3869 s.
1703 3819 1720 3870 l.
1739 3817 1801 3869 aad.
1824 3817 1862 3868 Τι
1950 3833 2011 3869 con·

359 3940 438 3984 staret
466 3933 489 3983 0
612 3931 642 3982 11
670 3934 727 3984 vale
745 3951 792 3983 oar.
812 3933 841 3983 F
967 3932 998 3984 13
1016 3936 1133 4001 votisque
1151 3936 1295 4000 LM'FFP,
1322 3946 1347 3989 et
1369 3938 1435 3989 rotis
1463 3938 1485 3988 0
1575 3938 1687 3989 minatur
1714 3937 1743 3987 F
1868 3935 2013 3991 lanternis

358 4052 502 4104 minabatur
531 4052 555 4102 Τ
660 4054 810 4105 violoseensi
839 4054 863 4103 Τ
964 4055 1089 4106 marcialis
1107 4050 1163 4105 Mc
1297 4054 1330 4107 15
1356 4057 1472 4108 citeriore
1488 4055 1631 4121 LMGFP,
1664 4059 1764 4127 sepiori
1798 4058 1823 4109 T
1909 4066 1935 4113 te
1952 4058 2013 4111 diu·

356 4172 458 4224 furnius
481 4172 506 4222 Τ
563 4219 566 4224 ,
640 4171 671 4225 16
698 4119 753 4226 lbeeb
772 4175 805 4224 u
810 4176 832 4235 ¹,
865 4176 921 4225 loeo
942 4170 1014 4224 CFP
1115 4184 1245 4241 praeterea
1271 4176 1329 4242 ipsu
1360 4174 1438 4240 (corr.
1464 4178 1493 4228 in
1518 4185 1618 4244 praeter
1630 4134 1745 4247 ¹Issaipsir
1763 4180 1795 4230 M
1800 4180 1820 4244 ¹,
1836 4179 1865 4231 in
1881 4186 2013 4247 praeterat

355 4292 413 4359 ipsu
436 4292 484 4356 T2)
502 4288 595 4352 MTC,
617 4301 716 4359 praeter
737 4295 794 4360 ipsir
812 4295 840 4344 in
857 4312 910 4344 ναι.
930 4294 967 4343 Ρ1
1039 4295 1192 4380 praesidium
1215 4295 1251 4344 T²
1358 4294 1391 4347 18
1409 4313 1493 4364 poene
1511 4296 1540 4347 F
1605 4299 1736 4352 destinans
1754 4299 1828 4367 (ροιι.
1848 4318 1867 4353 ιι
1884 4254 2015 4366 maa-0¹,

357 4412 481 4478 apernit
497 4411 550 4474 F¹)
573 4412 625 4475 CF,
642 4413 749 4464 diutinas
767 4414 791 4463 L
860 4414 1042 4465 hirundineum
1060 4430 1108 4464 om.
1128 4411 1200 4477 LM,
1217 4415 1279 4465 odd.
1298 4416 1325 4465 ia
1342 4433 1424 4482 usurp.
1444 4417 1500 4481 Μ’,
1518 4418 1707 4484 hyrundinenm
1726 4419 1755 4470 F
1855 4420 1889 4474 19
1906 4421 1937 4475 ul
1955 4440 1974 4475 a.
1993 4423 2013 4476 l.

357 4532 419 4584 odd.
437 4532 472 4582 M
475 4533 484 4564 ¹
581 4532 796 4600 ianinumqueT
887 4532 1148 4600 numaequs(1ruin
1165 4552 1218 4584 ros.
1238 4534 1272 4583 M
1277 4535 1296 4599 ¹)
1314 4535 1347 4585 M
1482 4534 1516 4587 21
1541 4539 1633 4589 fruaris
1653 4539 1750 4607 (prior.
1769 4559 1782 4593 r
1798 4544 1827 4594 ia
1844 4560 1899 4594 ras.
1919 4541 1971 4609 ΡΙ)
1988 4542 2016 4595 Ρ

364 4655 528 4706 nosteros.
547 4652 587 4703 1²¹
701 4652 735 4704 2⁴2
753 4671 832 4721 agger
853 4662 930 4720 (post.
948 4673 966 4721 g
983 4673 1050 4707 cras.
1072 4652 1095 4705 C
1100 4655 1121 4721 ²)
1141 4656 1164 4706 0
1263 4654 1298 4707 23
1315 4659 1372 4709 vale
1392 4676 1441 4709 orn.
1460 4658 1488 4708 F
1594 4645 1625 4711 U.
1644 4661 1763 4713 SOLLII.
1776 4664 2012 4718 APOLLINARIS.

357 4775 468 4825 LIBER.
487 4773 669 4825 SECVNDVS.
688 4775 858 4825 EXPLICIT.
875 4775 1010 4827 INCIPIT.
1029 4777 1138 4826 LIBER.
1156 4777 1309 4828 TERTIVS.
1322 4779 1422 4843 partim
1434 4781 1513 4832 rubro
1522 4782 1620 4847 partim
1635 4783 1710 4849 niqra
1723 4792 1815 4837 otram.
1827 4787 1924 4838 subscr.
1940 4787 1969 4839 in
1978 4786 2012 4851 L,

356 4879 518 4948 caenon
544 4895 772 4946 nronmuams
802 4878 862 4945 nra
887 4896 928 4946 ,ιι
952 4895 1119 4947 nxrnrorr.
1153 4884 1506 4966 recurrerentur,
1539 4904 1564 4955 s.
1591 4890 1656 4957 mu.
1684 4906 1853 4960 arturum.
1881 4909 2011 4961 lucum

358 5008 469 5067 TERCI'
490 5015 518 5079 T,
535 5016 604 5067 Gal.
621 5015 741 5067 SOLLII.
753 5015 990 5067 APOLLINARIS.
1003 5016 1163 5069 MODESTI.
1177 5019 1307 5070 SIDONII
1325 5021 1427 5072 LIBER
1446 5024 1486 5074 .II.
1506 4995 1604 5077 Exffi
1624 5012 1722 5078 ΙΝΟΙΙἶ
1735 5030 1790 5079 .ΙΙΙ.
1809 5030 1905 5081 atham.
1922 5030 2009 5082 rubri·

357 5144 428 5188 color
445 5137 473 5188 ia
494 5132 526 5199 0,
552 5132 631 5188 Sidoir
647 5133 766 5203 aplarum
783 5127 821 5187 lib
838 5133 904 5188 Sede
921 5137 1034 5203 exphcit.
1051 5138 1144 5204 Incipit
1161 5140 1256 5192 tercius
1273 5143 1368 5195 urbscr.
1387 5144 1459 5195 rubr.
1477 5144 1503 5195 in
1525 5141 1567 5209 F,
1594 5148 1695 5200 LIBER
1712 5150 1888 5202 SECVNDVS
1905 5152 2009 5204 FINIT.

356 5260 492 5313 INCIPIT.
511 5260 556 5311 IIL
576 5258 603 5311 P

969 5431 1407 5465 Um.
