4552 6210
310 339 372 403 338
924 334 1063 391 RURlOlI
1080 334 1338 390 EPISTULARUM

198 506 231 578 G
261 509 357 573 12ad
380 515 420 573 te
442 512 571 576 levavi
594 511 725 575 oculos
748 532 864 592 meos,
895 508 958 594 qui
980 509 1140 574 habitas
1163 509 1203 573 in
1226 510 1350 574 caelo.
1395 509 1560 594 erigamus
1583 510 1693 596 itaque
1717 510 1828 575 oculos
1851 509 1957 575 nostri

312 612 419 678 cordis
442 613 483 678 ad
507 614 673 678 Christum
703 620 736 678 ct
764 615 797 678 in
825 614 937 679 mundi
967 614 1061 678 istius
1088 622 1183 679 nocte
1211 635 1325 678 manus
1355 621 1483 678 nostras
1511 615 1665 701 operibus
1693 615 1867 681 fructuosis
1896 638 1955 680 ex-

312 719 464 782 tollamus
493 717 534 782 ad
562 717 743 798 dominum,
775 725 810 783 ut
836 718 908 804 ipse
936 724 1035 804 eaput
1061 724 1207 781 nostrum
1235 740 1309 783 esse
1341 717 1494 803 dignetur
1517 724 1550 782 et
1571 738 1632 782 nos
1655 718 1833 785 adhaerere
1856 720 1956 806 capiti

312 828 422 886 nostro
445 828 481 887 ut
504 822 596 886 utilia
618 823 760 909 corporis
784 823 834 887 sui
849 821 996 886 membra
1012 842 1204 903 mereamur,
1227 827 1263 885 ut
1278 821 1319 885 de
1334 821 1395 885 hoe
1412 823 1543 887 saeculo
1560 821 1769 889 discedentes
1791 833 1957 911 tamquam

310 963 345 989 ι.
374 926 464 990 exitu
486 926 613 991 Israhel
637 927 677 990 de
700 926 850 1013 Aegypto
879 924 988 990 dicere
1011 923 1210 1010 redemptori
1238 931 1349 989 nostro
1378 925 1557 1010 possimus:
1589 925 1773 992 adhaesit
1799 933 1888 1013 post
1916 933 1955 993 te
1993 943 2007 981 ⁵

312 1029 447 1093 anima
471 1050 567 1110 mea,
592 1051 648 1095 me
672 1036 803 1094 autem
827 1029 1003 1115 suscepit
1027 1027 1195 1094 dextera
1217 1034 1305 1104 tua;
1329 1048 1401 1091 cum
1426 1050 1465 1093 ea
1488 1027 1605 1093 diebus
1628 1050 1667 1094 ae
1691 1030 1957 1096 noctibuslucrit
1994 1106 2000 1123 .

311 1134 344 1197 in
366 1135 512 1220 corporis
534 1134 630 1199 huius
654 1155 784 1200 carcere
807 1132 974 1213 meditata,
999 1131 1085 1198 unde
1108 1152 1172 1198 non
1196 1131 1413 1199 confundatur
1434 1131 1561 1197 educta.
1606 1154 1664 1199 ora
1685 1155 1744 1222 pro
1767 1154 1830 1199 me.

1062 1511 1204 1578 XXXV.

500 1685 677 1750 DOMINO
702 1683 876 1749 SANOTO
899 1683 956 1747 ΕΤ
980 1681 1260 1748 APOSTOLIOO
1283 1682 1479 1757 MIHIQUE
1503 1685 1551 1750 IN
1574 1685 1769 1752 OHRISTO

383 1790 560 1856 DOMINO
593 1786 800 1854 SPECIALI
829 1785 979 1852 CULTU
1006 1784 1306 1860 AFFEOTUQUE
1336 1787 1526 1852 CETERIS
1552 1788 1887 1854 PRAEFERENDO
1983 1806 2010 1844 ιι

552 1892 764 1958 PATRONO
787 1890 964 1956 SEDATO
986 1888 1205 1955 EPISGOPO
1224 1889 1439 1956 RURIOIUS
1460 1891 1715 1958 EPISOOPUS.

284 2053 296 2111 1
415 2031 489 2122 Pru
517 2058 714 2122 archiatrum
741 2055 923 2121 Palladium
950 2054 1077 2119 litteras
1105 2051 1237 2117 fecundi
1265 2053 1370 2119 cordis
1400 2060 1434 2120 et
1459 2054 1591 2120 facundi
1617 2055 1683 2120 oris
1713 2056 1841 2145 accepi,
1872 2079 1958 2143 quae

283 2163 372 2224 2nos
395 2159 437 2224 ad
459 2161 618 2226 visionem
640 2166 787 2225 mutuam
809 2165 884 2223 voto
907 2156 1053 2244 pectoris
1074 2155 1266 2221 invitabant.
1312 2155 1371 2222 sed
1395 2159 1471 2243 quid
1497 2159 1647 2241 facimus,
1677 2159 1763 2246 quod
1785 2159 1958 2228 desideriis

313 2264 493 2328 animorum
514 2270 699 2329 nostrorum
723 2263 851 2328 diversa
873 2260 1092 2325 membrorum
1115 2260 1239 2325 resistit
1261 2260 1442 2343 infirmitas,
1465 2261 1542 2327 dum
1558 2284 1614 2327 vos
1637 2262 1806 2328 nimietate
1822 2264 1959 2344 robusti,

312 2389 370 2432 nos
404 2366 563 2432 tenuitate
599 2367 690 2432 exesi
724 2364 868 2451 eorporis
902 2364 1107 2449 impedimur,
1146 2362 1223 2427 dum
1257 2383 1315 2428 vos
1349 2363 1448 2429 alieni
1483 2373 1517 2432 et
1550 2372 1703 2452 quattuor
1735 2366 1839 2452 pedes
1873 2368 1959 2435 ferre
1985 2384 2011 2423 ¹⁵

313 2479 480 2558 nequeunt
502 2471 717 2558 ponderosos,
745 2492 797 2535 me
821 2470 918 2534 etiam
941 2469 1064 2555 proprii
1087 2475 1120 2534 et
1142 2468 1205 2533 duo
1229 2469 1392 2534 sustinere
1414 2491 1492 2555 prae
1516 2469 1700 2535 delectione
1722 2472 1778 2535 vix
1800 2478 1959 2556 possunt?

284 2579 376 2662 3quo
401 2576 452 2653 fit,
480 2583 516 2640 ut
538 2575 674 2660 implere
698 2574 883 2638 communia
905 2580 980 2638 vota
1002 2595 1216 2660 nequeamus.
1261 2575 1448 2658 egoenim,
1472 2574 1566 2640 testis
1591 2581 1642 2639 est
1664 2574 1829 2656 dominus,
1861 2575 1958 2662 qnod,

316 2681 343 2743 si
371 2680 563 2758 valuissem,
598 2679 640 2743 ad
667 2678 825 2764 synodum
853 2677 1034 2743 condictam
1067 2679 1152 2743 omni
1186 2678 1342 2743 aviditate
1370 2677 1548 2759 venissem,
1582 2678 1641 2743 sed
1675 2701 1727 2743 me
1758 2700 1778 2743 a
1810 2678 1960 2766 dispositi

312 2783 436 2848 itineris
467 2783 634 2848 voluntate
669 2783 850 2848 necessitas
883 2782 1114 2847 imbecillitatis
1152 2783 1306 2862 inhibuit,
1341 2783 1417 2868 quia
1447 2804 1542 2848 aeres
1576 2783 1718 2868 regionis
1748 2783 1834 2848 illius
1863 2805 1959 2870 prae·

312 2887 424 2950 sertim
447 2887 507 2951 hoe
531 2893 678 2972 tempore
702 2886 788 2951 ferre
810 2908 876 2951 non
899 2894 1059 2972 poteram:
1089 2885 1175 2973 quod
1204 2893 1237 2951 et
1259 2908 1317 2950 vos
1341 2887 1387 2950 ita
1410 2885 1544 2950 credere
1569 2884 1693 2950 confido
1720 2892 1753 2952 et
1775 2908 1895 2973 pravos
1918 2886 1961 2953 ad
1986 2901 2012 2941 2⁰

284 2989 402 3053 laliud
426 2988 572 3054 derivare
595 3010 658 3054 non
682 2989 802 3054 dubito.
849 2990 898 3055 his
922 2992 1031 3076 itaque
1055 2990 1266 3071 sufficienter,
1295 2997 1330 3054 ut
1352 2990 1532 3077 potuimus,
1563 2988 1730 3070 indicatis,
1762 2990 1960 3057 salutatione

314 3093 412 3157 animi
436 3091 652 3158 desiderantis
674 3094 831 3180 impensa,
858 3094 885 3156 si
908 3094 1039 3178 dignum
1063 3092 1191 3174 ducitis,
1215 3094 1381 3158 transmisi
1404 3093 1495 3157 vobis
1519 3090 1690 3173 caballum,
1714 3095 1843 3180 qualem
1867 3094 1960 3160 vobis

314 3198 457 3263 sciebam
481 3220 554 3263 esse
577 3199 814 3277 necessarium,
843 3197 1092 3262 mansuetudine
1116 3196 1296 3283 placidum,
1320 3197 1476 3262 membris
1499 3195 1656 3278 validum,
1683 3196 1811 3261 firmum
1833 3197 1960 3280 robore,

313 3301 418 3366 forms
440 3309 676 3388 praestantem,
710 3304 837 3367 factura
869 3303 1098 3387 compositum,
1137 3302 1253 3366 animis
1288 3307 1517 3387 temperatum,
1553 3298 1678 3365 scilieet
1711 3322 1773 3366 nec
1806 3301 1961 3367 tarditate

314 3405 443 3490 pigrum
466 3426 526 3469 nec
551 3405 725 3470 velocitate
747 3427 1015 3492 praeproperum,
1039 3405 1092 3469 eui
1114 3407 1226 3471 frenus
1250 3412 1284 3470 et
1306 3405 1457 3469 stimulus
1481 3405 1523 3469 sit
1543 3402 1689 3469 sedentis
1704 3404 1885 3487 arbitrium,
1908 3405 1961 3471 oui
1987 3417 2012 3458 ⁹⁵

315 3506 356 3571 ad
380 3508 584 3573 evehendum
608 3530 688 3572 onus
713 3515 746 3572 et
769 3509 852 3574 velle
878 3514 1031 3594 suppetat
1053 3508 1175 3594 pariter
1204 3516 1237 3572 et
1266 3529 1377 3593 posse,
1407 3507 1514 3571 itaut
1543 3528 1603 3571 nec
1630 3507 1725 3572 cedat
1755 3509 1961 3595 superposito

284 3615 373 3674 5ncc
404 3611 547 3697 deponat
579 3613 775 3697 impositum.
828 3617 992 3697 superest,
1028 3619 1065 3677 ut
1094 3613 1267 3698 rescripto,
1307 3611 1466 3697 quomodo
1499 3611 1588 3676 vobis
1619 3611 1763 3696 placeat,
1798 3609 1960 3693 indicetis,

315 3714 493 3799 quamlibet
516 3716 562 3779 ita
585 3714 625 3780 de
650 3715 817 3780 individuo
841 3715 921 3778 mihi
944 3715 1042 3779 eorde
1064 3737 1283 3801 praesumam,
1307 3714 1393 3800 quod
1409 3715 1500 3779 vobis
1522 3714 1620 3779 etiam
1644 3715 1731 3778 mala
1753 3736 1773 3778 a
1795 3736 1847 3779 me
1870 3735 1960 3779 com·

284 3817 428 3898 (imissa,
459 3840 522 3882 non
547 3819 652 3883 dicam
675 3820 881 3899 transmissa,
909 3820 1146 3904 complaceant.
1192 3826 1285 3884 tanta
1309 3826 1361 3885 est
1383 3820 1469 3883 enim
1492 3819 1610 3903 integri
1634 3819 1680 3883 vis
1703 3820 1839 3900 amoris,
1867 3820 1960 3884 utin

315 3919 417 3984 amieo
441 3922 484 3984 nil
509 3920 690 4007 displiceat,
713 3942 785 3985 eum
809 3922 913 4007 magis
937 3923 1059 3987 malum
1082 3922 1255 4010 displicere
1279 3922 1398 3988 debeat
1421 3921 1462 3987 de
1486 3923 1599 3989 amico.
1637 3929 1670 3988 et
1692 3921 1769 3986 hine
1791 3921 1872 3987 illud
1895 3928 1956 4004 est,
1986 3935 2011 3975 ³⁰

315 4023 399 4108 quod
431 4024 550 4089 iudicia
581 4026 749 4090 hominum
780 4031 836 4090 aut
872 4047 982 4092 amore
1017 4026 1272 4113 praepediuntur
1302 4032 1358 4090 aut
1385 4024 1474 4104 odio,
1512 4032 1549 4090 ut
1576 4032 1667 4091 recta
1693 4047 1757 4090 non
1782 4025 1961 4112 proferant.

286 4129 372 4191 'lvos
395 4148 488 4207 vero,
520 4149 600 4213 quos
628 4149 688 4193 nce
712 4128 820 4193 odium
843 4135 1018 4217 exasperat
1040 4151 1101 4194 nec
1124 4130 1302 4194 inflammat
1331 4129 1468 4210 invidia,
1500 4135 1533 4193 et
1555 4130 1645 4194 iocos
1667 4135 1794 4193 nostros
1817 4129 1960 4195 libenter

314 4230 452 4316 accipite
475 4237 508 4294 et
541 4230 581 4296 de
604 4232 762 4318 sospitate
789 4239 899 4297 vestra
926 4234 978 4298 vel
1006 4232 1133 4298 actibus
1163 4234 1337 4298 affluenter
1366 4233 1534 4314 instruite,
1565 4240 1618 4314 ut,
1647 4233 1723 4297 dum
1750 4253 1808 4297 vos
1837 4232 1961 4299 diutius

314 4334 464 4419 legimus,
488 4336 652 4424 copiosius
675 4337 868 4401 imbuamur.
914 4358 972 4401 ora
993 4357 1051 4423 pro
1074 4358 1136 4403 me.

419 4648 433 4700 1
455 4646 498 4700 Ps.
517 4646 625 4710 CXXII,
644 4646 668 4700 1.
755 4649 772 4702 5
790 4647 834 4700 Ps.
854 4645 937 4710 LXlI,
956 4646 980 4699 9.

418 4819 435 4871 3
453 4820 492 4889 ut]
506 4821 664 4888 Ldljobunn,
681 4822 741 4873 etG
843 4819 861 4872 4
879 4830 908 4872 ut
925 4819 1010 4887 utilia]
1029 4821 1129 4886 scripsi,
1147 4828 1176 4871 ut
1192 4821 1248 4872 illia
1262 4822 1293 4885 G,
1311 4829 1340 4872 ut
1357 4821 1402 4871 illa
1416 4821 1534 4872 Caninius
1636 4821 1653 4872 5
1671 4823 1697 4872 in
1715 4824 1799 4888 suppl.
1811 4823 1963 4889 Lr‘r'tjohann

315 4905 458 4973 8XXXV]
485 4908 575 4959 ›Sedcti
599 4908 722 4973 crustulae
745 4927 786 4958 nr.
805 4908 859 4971 IX,
883 4925 964 4973 capno
983 4926 1011 4973 p.
1027 4911 1076 4958 273
1093 4906 1215 4956 Ruricius
1240 4907 1387 4972 respondet,
1410 4907 1451 4957 cui
1477 4925 1526 4972 pro
1549 4908 1650 4958 caballo
1675 4909 1824 4959 tranensium
1850 4908 1962 4961 Sedasa

314 4993 415 5058 qratia«
432 4995 493 5059 ogit,
510 5012 592 5060 supra
603 5013 632 5060 p.
645 4998 701 5058 274,
719 5013 757 5061 ep.
775 5014 815 5046 ar.
829 4995 910 5047 XIII
1003 4994 1035 5044 12
1052 4995 1226 5045 arciatrumG
1323 4993 1355 5045 18
1371 4995 1537 5060 sydcnumb'
1598 5012 1638 5046 me
1655 4991 1679 5060 a]
1698 4994 1848 5060 Memorem,
1865 4993 1963 5049 meaG

318 5077 350 5129 19
368 5081 485 5146 regiones
500 5084 523 5132 G
643 5080 678 5132 ‘22
695 5081 872 5149 desiderantis]
893 5082 1043 5144 llonrmvcn,
1061 5081 1232 5132 desiderantes
1252 5081 1275 5131 0
1395 5080 1429 5131 ‘23
1447 5081 1644 5133 marmuotudine
1657 5108 1690 5116 -
1703 5078 1737 5131 27
1754 5078 1914 5148 impositum]
1931 5099 1963 5135 aa

316 5183 354 5230 cp.
373 5165 397 5229 Ι,
413 5172 451 5229 14,
472 5184 554 5233 cupra
566 5186 595 5233 p.
610 5172 670 5231 307,
688 5170 704 5219 l.
720 5173 753 5220 39
771 5196 802 5204 -
817 5187 846 5235 p.
858 5172 917 5231 308,
935 5170 982 5219 L3
1000 5167 1120 5218 Ruriciru
1137 5168 1268 5232 exscripsit
1322 5188 1325 5194 ¹
1371 5169 1494 5234 placitum
1515 5167 1538 5218 0
1674 5163 1709 5216 24
1732 5164 1821 5233 forma]
1846 5168 1964 5220 firmae

317 5250 351 5301 26
369 5253 493 5304 caedatG
584 5252 616 5304 27
636 5252 674 5321 ut]
693 5257 754 5306 &G
845 5254 879 5306 29
896 5256 923 5306 iu
940 5251 1032 5320 amico]
1052 5255 1115 5304 cont
1130 5254 1257 5318 Caninius,
1274 5255 1300 5305 in
1319 5255 1430 5306 amicum
1445 5254 1476 5318 G,
1492 5253 1604 5304 amicum
1616 5251 1759 5305 Homerum
1853 5252 1886 5306 31
1905 5272 1962 5324 pro·

318 5335 408 5407 serant]
430 5339 758 5411 Mommecrr,prosereba11t
778 5343 800 5396 (τ’
904 5341 1025 5397 3210c0s
1046 5344 1069 5396 G
