4462 6216
1033 345 1170 401 SlDONIl
1188 344 1386 402 CARMINUM

746 524 806 588 hoo
830 522 930 587 vincit
952 520 1178 606 quodcumque
1201 518 1308 591 videm
1332 519 1390 583 sed
1413 518 1562 584 conditur
1584 519 1689 584 omnis

748 627 809 691 sub
832 625 962 690 domina
984 631 1159 710 praesente
1183 622 1292 700 decor,
1315 623 1479 708 nimioque
1504 622 1621 687 rubore

746 750 948 814 gemmarum
971 729 1077 793 varios
1100 727 1218 814 perdit,
1242 728 1317 812 quia
1339 727 1495 812 possidet,
1518 727 1623 811 ignes.

747 834 906 899 fundebat
927 854 1021 898 coma
1043 854 1130 919 pexa
1153 853 1266 897 crocos
1289 832 1440 917 flexoque
1464 832 1587 896 lacerto

694 954 705 990 ι’
751 938 841 1001 lutea
863 937 1038 1022 depressus
1061 935 1213 1000 comebat
1235 941 1385 1020 tempora
1406 942 1536 1020 pecten.

748 1040 931 1105 fundebant
954 1041 1039 1104 oculi
1062 1039 1185 1105 radios:
1210 1039 1301 1103 color
1323 1039 1440 1123 igneus
1463 1039 1538 1118 illis.

748 1166 809 1208 non
837 1153 945 1209 tamen
969 1144 1066 1208 ardor
1088 1150 1167 1222 erat,
1192 1143 1340 1228 quamvis
1364 1141 1405 1208 de
1428 1150 1524 1208 noete
1544 1165 1683 1209 recussa

748 1249 878 1333 excepti
903 1248 1030 1312 soleant
1053 1245 1205 1311 sudorem
1229 1246 1354 1331 lingere
1377 1267 1479 1310 rores.

747 1359 881 1437 pectora
903 1352 953 1416 bis
976 1352 1110 1436 cingunt
1134 1371 1246 1429 zonae,
1270 1352 1444 1435 parvisque
1468 1353 1599 1438 papillis

693 1471 697 1480 ·
750 1455 905 1520 invidiam
927 1455 1006 1519 facit
1029 1456 1106 1539 ipse.
1123 1455 1230 1523 sinus:
1254 1475 1329 1540 pars
1353 1456 1477 1519 extima
1499 1457 1588 1541 pepli

750 1559 874 1645 perfert
895 1560 1053 1645 puniceas
1077 1558 1118 1622 ad
1142 1580 1236 1623 crura
1259 1558 1411 1623 rubentia
1433 1579 1543 1644 rugas.

751 1664 798 1727 sic
821 1664 936 1748 regina
959 1661 1054 1728 sedet
1077 1663 1176 1731 solio:
1202 1663 1322 1749 sceptri
1346 1663 1415 1727 rice
1438 1663 1588 1727 dextram

750 1769 907 1855 lampadis
931 1770 1026 1833 hasta
1048 1770 1169 1854 replet;
1192 1768 1269 1833 Nox
1292 1768 1401 1833 adstat
1423 1770 1573 1855 proxima
1595 1770 1700 1837 divae.

749 1875 814 1938 iarn
837 1873 969 1958 refugos
994 1893 1154 1937 conversa
1175 1871 1288 1958 pedes,
1312 1894 1350 1937 ao
1374 1894 1458 1958 pone
1482 1874 1622 1938 tribunal

750 1977 869 2062 promit
891 1976 965 2040 Lux
989 1996 1149 2040 summum
1174 1976 1230 2039 vix
1252 1976 1421 2041 intellecta
1443 1997 1610 2041 cacumen.

750 2080 825 2143 hinc
848 2078 986 2143 Romam
1011 2078 1133 2163 liquido
1158 2079 1344 2142 venientem
1368 2079 1497 2144 tramite
1521 2101 1657 2144 cernens

750 2184 865 2248 exiluit
887 2203 1026 2269 propero
1050 2190 1084 2247 et
1106 2182 1235 2246 blandis
1258 2183 1348 2268 prior
1369 2204 1445 2247 orsa
1466 2183 1621 2268 loquelis:

749 2286 846 2373 ‘quid‚
870 2293 967 2371 caput
990 2306 1009 2349 o
1033 2285 1164 2363 mundi‚'
1190 2285 1280 2358 dixit,
1304 2295 1389 2351 ‘mea
1413 2308 1515 2371 regna
1536 2288 1674 2351 revisis?

750 2391 869 2476 quidve
885 2391 979 2455 iubes
987 2389 1010 2452 Τ
1038 2391 1171 2475 paulurn
1188 2390 1245 2454 illa
1265 2390 1366 2454 silens
1387 2398 1485 2476 atque
1502 2412 1621 2477 aspera
1636 2392 1778 2456 miscens

706 2516 711 2543 ¹
750 2494 883 2559 mitibus
906 2493 987 2559 hacc
1012 2495 1137 2580 coepit:
1169 2494 1275 2559 ‘venio
1299 2494 1437 2580 (desiste
1462 2497 1586 2561 moveri

750 2621 811 2664 neo
834 2599 970 2663 multum
994 2599 1146 2684 trepida),
1170 2620 1234 2662 non
1256 2604 1292 2662 ut
1315 2598 1393 2662 mihi
1417 2621 1551 2685 pressus
1574 2599 1702 2664 Araxos

748 2703 899 2787 imposito
922 2702 981 2766 sub
1005 2710 1105 2787 ponta
1129 2703 1210 2766 linat
1234 2723 1293 2765 neo
1316 2709 1353 2764 ut
1377 2701 1489 2767 ordino
1511 2704 1620 2788 prisco

752 2805 884 2869 Indicus
907 2805 1055 2871 Ausonia
1078 2812 1209 2891 potetur
1232 2805 1360 2870 casside
1385 2804 1530 2890 Ganges,

751 2917 807 2974 aut
830 2917 866 2974 ut
889 2910 1027 2993 tigriferi
1051 2910 1241 2995 pharetrata
1263 2931 1323 2993 per
1346 2930 1423 2973 arva
1447 2909 1596 2995 Niphatis

709 3053 713 3062 ·
753 3012 973 3098 depopuletur
995 3033 1096 3076 ovans
1121 3014 1282 3076 Artaxata
1306 3012 1428 3097 Caspia
1451 3013 1576 3077 consul.

751 3137 815 3181 non
839 3116 915 3179 Pori
937 3115 1032 3179 modo
1055 3137 1156 3200 regna
1179 3137 1295 3201 precor
1319 3137 1379 3181 nec
1402 3124 1438 3180 ut
1462 3116 1552 3180 hisce
1576 3116 1709 3181 lacertis

751 3222 880 3304 frangat
902 3219 1102 3305 Hydaspeas
1126 3221 1212 3283 aries
1236 3221 1385 3305 inpactus
1409 3220 1581 3306 Erythras.

752 3346 815 3388 non
839 3325 872 3387 in
894 3323 1016 3388 Bactra
1038 3324 1125 3388 feror
1149 3346 1210 3389 nec
1234 3325 1474 3401 committentia
1496 3345 1623 3409 pugnas

750 3434 864 3492 nostra
887 3427 1097 3492 Semiramiae
1122 3426 1227 3491 rident
1249 3426 1290 3490 ad
1315 3428 1453 3490 classica
1474 3433 1600 3513 portae.

695 3547 705 3583 ··=
750 3532 905 3597 Arsacias
928 3552 991 3595 non
1016 3552 1137 3616 quaoro
1160 3530 1277 3595 domus
1302 3552 1362 3594 noc
1387 3537 1515 3595 tessera
1537 3532 1655 3594 castris

751 3636 783 3698 in
800 3634 971 3699 Tesifonta
986 3634 1090 3698 datur.
1128 3643 1232 3698 totum
1254 3634 1339 3698 hunc
1363 3634 1421 3698 tibi
1445 3636 1604 3698 cessimus
1629 3656 1736 3699 axem.

751 3746 784 3802 et
807 3759 868 3803 nec
891 3739 937 3801 sic
962 3759 1099 3807 mereor.
1124 3744 1269 3802 nostram
1292 3745 1328 3801 nt
1351 3743 1464 3802 tueare
1489 3745 1676 3802 senectam?

752 3864 847 3907 omne
872 3842 957 3926 quod
982 3841 1172 3926 Euphraten
1196 3840 1386 3926 Tigrimque
1410 3842 1593 3919 interiacet,
1618 3844 1695 3907 olim

753 3948 823 4010 sola
847 3953 957 4021 tenee;
982 3969 1034 4011 res
1059 3952 1169 4031 empta
1193 3945 1272 4009 mihi
1297 3952 1347 4010 est
1370 3946 1410 4010 de
1434 3947 1593 4029 sanguine
1618 3945 1738 4018 Crassi,

697 4066 713 4099 ³¹·
755 4050 795 4114 ad
820 4050 959 4115 Carrhas
984 4051 1123 4135 pretium
1148 4050 1279 4135 scripsi;
1303 4071 1362 4115 nec
1388 4051 1491 4114 inulta
1513 4052 1654 4114 remansi

752 4162 809 4218 aut
832 4154 928 4238 periit
952 4155 999 4217 sic
1024 4159 1151 4238 emptus
1174 4174 1267 4237 ager3
1292 4154 1320 4217 si
1342 4154 1434 4227 fallo,
1457 4154 1613 4238 probasti.

754 4257 910 4322 Ventidio
935 4264 1077 4322 mactate
1102 4257 1219 4343 Sapor.
1266 4279 1327 4321 nec
1352 4257 1472 4321 sufficit
1495 4256 1596 4320 ist-ud:

751 4360 925 4424 Armenias
947 4360 1154 4446 Pontumque
1178 4360 1264 4440 dedi,
1288 4382 1352 4446 quo
1376 4360 1483 4425 Marte
1507 4362 1643 4446 petitum

752 4464 840 4528 dicat
864 4463 956 4529 Sulla
979 4465 1054 4530 tibi:
1077 4465 1189 4529 forsan
1212 4485 1278 4528 non
1303 4464 1447 4529 creditur
1469 4465 1541 4528 uni:

702 4585 706 4594 ’
753 4569 887 4632 consulo
910 4569 1093 4632 Lucullum.
1141 4576 1236 4632 taceo
1260 4569 1325 4632 iam
1349 4567 1512 4652 Cycladas
1537 4590 1668 4632 omnus:

752 4671 915 4756 adquisita
938 4692 1011 4734 meo
1036 4673 1137 4736 servit
1160 4672 1218 4735 tibi
1242 4669 1341 4735 Orata
1363 4670 1510 4735 Metello.

753 4777 944 4862 transcripsi
969 4776 1104 4840 Cilicas:
1129 4776 1188 4840 hos
1212 4775 1353 4860 Magnus
1377 4773 1508 4839 fuderat
1531 4775 1618 4839 olim.

752 4879 858 4945 adieci
882 4880 1008 4965 Syriae,
1033 4900 1113 4964 quos
1137 4900 1223 4943 nunc
1246 4878 1438 4957 moderaris,
1462 4879 1612 4944 Isauros:

394 5018 407 5023 -
423 5015 804 5024 ——..—-.—--——

491 5126 542 5179 4⁶26
567 5129 690 5180 fundabat
710 5129 732 5177 0
849 5122 898 5174 431
928 5126 1038 5190 praesent
1057 5122 1085 5172 F
1168 5139 1255 5172 cruror
1274 5121 1316 5171 Ριι
1437 5119 1489 5170 466
1512 5131 1619 5187 cacaput
1639 5123 1677 5172 &a
1798 5118 1849 5171 446
1872 5119 1988 5170 rnittlbus
2008 5119 2046 5169 C·

388 5213 437 5267 444
457 5215 541 5266 araxis
559 5215 633 5265 codd.
752 5209 804 5261 44⁴2
822 5210 905 5276 prisco
923 5226 970 5258 orn.
990 5208 1014 5257 Τ
1122 5206 1174 5258 444
1191 5216 1220 5259 ut
1238 5226 1286 5258 om.
1307 5209 1344 5258 0ιι
1424 5208 1545 5273 tigril'eris
1565 5209 1603 5257 ca
1682 5208 1800 5273 pharetra
1822 5206 1846 5256 Τ
1920 5206 2007 5256 rriiatis
2027 5205 2050 5256 0

387 5301 439 5353 445
462 5301 601 5352 conconsul
621 5300 646 5349 P
772 5295 824 5347 446
849 5296 908 5346 Pori
928 5295 1095 5357 Sirrrronclum
1120 5296 1193 5361 plrnri
1217 5294 1290 5357 Tc'l',
1315 5295 1399 5361 pharii
1418 5293 1446 5343 F
1573 5292 1623 5343 lli
1647 5295 1763 5359 erpdrlraa
1782 5290 1829 5353 Cl’,
1853 5292 1986 5357 arytrheas
2006 5292 2046 5343 C·

387 5385 439 5438 446
463 5388 548 5437 bratra
566 5388 633 5437 seror
651 5404 702 5437 nou
722 5384 750 5435 F
858 5380 910 5432 449
934 5382 1042 5432 strident
1060 5383 1135 5446 culpo
1220 5378 1315 5448 portus]
1339 5398 1425 5447 pugne
1448 5380 1473 5429 Τ
1591 5378 1640 5429 451
1665 5381 1784 5431 tesisouta
1803 5376 1839 5444 F]
1858 5379 1972 5429 tisifonta
1994 5376 2048 5439 ΤΡ,

388 5472 579 5537 ctisiphontat'
679 5468 731 5521 453
749 5469 895 5536 tygrirnque
908 5466 944 5516 P.-
961 5467 1090 5532 tigrinqne
1105 5468 1127 5517 C
1228 5465 1279 5518 455
1297 5468 1400 5517 olrarras
1417 5466 1490 5515 codd.
1596 5464 1647 5516 456
1665 5466 1728 5517 haut
1745 5465 1769 5513 Τ
1868 5460 1920 5516 457
1938 5465 2051 5530 saproc

387 5555 439 5609 458
460 5554 527 5620 dedi]
547 5558 612 5608 dabo
629 5557 668 5607 Ta
786 5552 838 5608 459
855 5554 913 5606 silla
930 5553 1005 5604 codd.
1125 5552 1174 5603 llil
1194 5571 1248 5604 oar.
1268 5554 1322 5605 lect.
1340 5569 1419 5618 super
1437 5554 1514 5603 servit
1534 5570 1551 5602 a
1565 5552 1599 5603 0¹
1619 5552 1681 5603 aeid.
1700 5568 1766 5603 crus.
1781 5552 1817 5603 0²
1938 5546 1992 5600 463
2009 5550 2047 5600 1ιὶ-

390 5658 480 5695 sauros
499 5642 573 5694 codd.
