4462 6216
799 353 875 408 XVII
893 356 909 421 ξ
930 356 962 410 13
982 386 1011 392 νὴ
1032 355 1108 424 xvii
1128 357 1144 422 g
1161 358 1203 410 33.
1756 362 1816 422 287

174 547 244 602 nos,
269 527 408 611 inquam.
433 529 478 591 ita
502 529 598 592 deum
622 537 748 615 patrem
773 530 912 593 hominis
937 529 997 592 sub
1023 551 1179 614 personae
1203 532 1326 595 unitate
1352 539 1519 603 testamur.
1543 532 1625 596 sicut
1648 534 1707 597 sub
1732 535 1818 598 eius·
1875 520 1943 592 GP

174 634 248 697 dem
272 634 408 697 unitatis
432 634 585 718 amplexu
610 639 745 696 matrem
771 633 822 696 dei
848 633 1012 696 hominem
1036 634 1226 698 eonfitemur
1249 636 1340 698 iuxta
1363 636 1500 719 symboli
1525 637 1762 707 auctoritatem,
1786 644 1820 700 ut

175 739 240 801 alia
264 738 534 822 praetermittam,
564 759 627 822 qua
649 736 802 799 dicimus:
838 735 954 800 credo
980 742 1017 798 et
1040 737 1076 799 in
1108 737 1239 801 filium
1268 739 1329 802 dci
1353 739 1484 802 Iesum
1506 739 1725 806 Christum.
1754 741 1817 825 qui

176 847 398 926 conceptus
422 847 486 903 est
510 840 557 904 de
581 840 734 924 spiritu
763 846 916 914 sancto,
948 845 1061 902 natus
1086 862 1135 904 ex
1158 841 1285 905 Maria
1310 843 1479 926 virgine.
1526 843 1600 926 quin
1632 845 1706 907 talis
1731 846 1871 908 errarit>

136 958 146 992 ⁵
175 952 227 1008 est
250 945 283 1007 in
306 944 436 1007 domino
461 942 621 1007 salvatore
645 964 741 1006 unam
766 950 799 1006 et
829 942 1008 1027 simplicem
1039 943 1215 1009 credidisse
1250 945 1480 1025 substantiam,
1515 948 1620 1031 qualis
1651 968 1739 1010 error
1768 955 1818 1011 est

177 1048 338 1133 duplicem
363 1048 542 1110 asseruisse
566 1068 750 1130 personam.
795 1067 869 1109 nam
895 1047 921 1109 si
950 1046 983 1109 in
1015 1047 1170 1111 societate
1203 1049 1308 1112 carnis
1337 1057 1538 1135 assumptae.
1571 1070 1654 1134 quae
1683 1050 1818 1114 formam

176 1152 288 1215 famuli
312 1152 364 1216 dei
390 1151 506 1222 induit,
537 1151 620 1214 durio
645 1149 844 1213 substantiae
878 1170 941 1212 non
973 1150 1118 1225 filerunt,
1151 1172 1229 1234 ergo
1263 1153 1292 1215 in
1326 1153 1455 1216 homine
1488 1153 1569 1217 deus
1602 1175 1666 1217 non
1697 1154 1757 1216 fuit
1788 1162 1820 1216 et

177 1264 329 1341 separata
353 1256 457 1319 adeo
489 1277 631 1340 persona
660 1254 798 1317 hominis
828 1254 889 1316 fuit
918 1275 956 1316 ac
989 1253 1036 1316 sic
1068 1254 1127 1317 sub
1159 1256 1216 1319 tali
1247 1277 1347 1319 sensu
1377 1256 1501 1320 videbis
1531 1256 1639 1319 subito
1672 1263 1819 1341 quartam

177 1361 288 1423 nescio
317 1358 402 1423 unde
431 1359 614 1423 accrevisse
644 1378 816 1442 personam
849 1357 937 1420 etin
962 1356 1023 1419 hoc
1047 1357 1251 1422 intellectum
1274 1360 1444 1444 pravitatis
1468 1360 1702 1444 consequentia
1725 1381 1819 1444 prse-

177 1463 312 1547 cipiteri,
337 1464 458 1527 utiam
482 1482 546 1525 non
571 1462 749 1525 trinitatem
773 1481 910 1524 necesse
928 1461 970 1524 sit
987 1460 1142 1525 confiteri.
1182 1461 1257 1525 audi
1272 1464 1392 1548 potius,
1416 1462 1687 1547 quemadmodum
1705 1463 1820 1527 beatus
1832 1465 1872 1525 26

178 1566 301 1642 Isaiae,
323 1567 476 1630 distincto
500 1565 613 1629 ordine
637 1566 873 1651 coniunctaque
898 1565 1098 1639 discrimine,
1134 1565 1255 1630 domini
1279 1568 1381 1631 nostri
1404 1589 1442 1632 ac
1466 1567 1680 1653 redemptoris
1704 1569 1820 1631 nativi-

178 1678 274 1734 tatem
299 1671 467 1755 disponat:
499 1670 709 1756 parvulus,
741 1671 860 1754 inquit,
894 1677 1014 1733 natus
1045 1674 1111 1733 est
1143 1669 1278 1748 nobis,
1309 1670 1426 1734 filius
1459 1672 1575 1735 datus
1606 1679 1672 1734 est
1695 1670 1820 1735 nobis.

178 1776 289 1859 accipe
314 1776 413 1838 lilium
438 1775 491 1838 dei
514 1775 546 1837 in
571 1781 718 1837 extrema
740 1781 834 1859 parte
859 1773 1062 1837 saeculorum
1087 1795 1129 1836 ex
1153 1774 1289 1858 innupta
1312 1785 1425 1852 matre,
1455 1782 1570 1838 natura
1593 1775 1764 1858 ignorante
1789 1777 1872 1838 etat

178 1878 240 1942 fide
265 1881 448 1949 maritante,
472 1879 689 1962 progenitum,
714 1899 754 1940 ex
780 1877 945 1940 voluntate
970 1876 1183 1951 humiliatum,
1208 1879 1459 1962 superveniente
1483 1880 1515 1941 in
1532 1878 1688 1962 virginem
1708 1885 1821 1940 sancto

139 1994 149 2029 ³
177 1983 307 2066 spiritu.
338 1982 501 2045 hominem
533 1982 595 2046 deo
628 1980 819 2044 mirabiliter
841 1980 1013 2065 impletum
1037 1985 1071 2044 et
1093 1979 1189 2043 deum
1214 1981 1431 2045 inhominem
1456 1981 1710 2046 misericorditer
1733 2002 1821 2044 eom-

178 2092 336 2148 mutatum
360 2107 420 2148 nec
445 2084 631 2147 exinanisse
655 2084 779 2166 gloriae
803 2081 1078 2167 magnitudinem,
1109 2082 1166 2146 sed
1190 2104 1249 2167 per
1273 2092 1458 2169 susceptam
1492 2086 1575 2149 servi
1600 2083 1821 2148 condicionem

178 2186 298 2251 domini
323 2188 507 2252 ostendisse
523 2187 689 2272 pietatem.
730 2187 917 2271 parvulus
940 2192 1064 2249 natus
1089 2191 1153 2249 cst
1175 2188 1305 2259 nobis,
1331 2189 1448 2251 lilius
1473 2188 1585 2252 datus
1610 2196 1673 2252 est
1692 2187 1873 2257 nobisne

179 2299 274 2354 natus
299 2303 348 2356 est
371 2293 465 2356 nobis
490 2293 543 2376 qui
567 2291 628 2354 sibi
651 2290 864 2375 eratzgdatus
888 2313 966 2374 ergo
991 2312 1031 2354 ex
1060 2290 1242 2368 divinitate,
1273 2299 1366 2355 natus
1399 2315 1441 2355 ex
1470 2292 1611 2375 virgine;
1644 2303 1738 2355 natus
1766 2291 1821 2374 qui

178 2396 311 2459 sentiret
335 2417 497 2459 occasum.
522 2395 615 2458 datus
640 2396 692 2478 qui
716 2396 859 2459 nesciret
883 2394 1069 2465 exordium;
1095 2403 1190 2458 natus
1214 2396 1268 2479 qui
1293 2403 1326 2458 et
1350 2405 1451 2460 matre
1476 2403 1564 2460 esset
1587 2397 1702 2471 iunior,
1726 2396 1821 2459 datus

125 2514 137 2549 ‘2
177 2520 239 2583 quo
263 2522 322 2563 nec
346 2510 440 2586 pater
463 2506 550 2564 esset
572 2498 748 2582 antiquior;
773 2507 866 2561 natus
888 2498 942 2582 qui
965 2503 1153 2571 moreretur,
1178 2497 1272 2561 datus
1294 2521 1352 2584 per
1378 2521 1473 2584 quem
1496 2501 1561 2563 vita
1587 2507 1821 2564 renasceretur.

178 2602 243 2667 illic
273 2603 465 2679 dominatur,
496 2603 547 2666 hic
579 2602 781 2673 humiliatum
815 2601 876 2663 sibi
909 2607 1025 2685 regnat
1048 2607 1081 2664 et
1104 2600 1183 2664 mihi
1205 2602 1331 2666 militat.
1377 2605 1569 2688 parvulus
1602 2609 1727 2666 natus
1756 2603 1874 2664 est29

178 2707 303 2780 nobis,
338 2708 458 2771 filius
493 2707 600 2769 datus
634 2712 694 2769 est
726 2704 839 2768 nobis
873 2712 912 2767 et
945 2704 1076 2767 faetus
1108 2712 1167 2768 est
1197 2706 1452 2790 principatus
1485 2727 1611 2791 super
1640 2726 1820 2770 umerum

178 2811 282 2873 eius.
328 2810 537 2874 manifestum
562 2809 723 2873 hominem
748 2807 947 2872 demonstrat
970 2829 1112 2883 umems,
1144 2809 1302 2873 latentem
1326 2809 1422 2874 deum
1446 2810 1588 2894 loquitur
1611 2810 1820 2894 principatus.

179 2935 322 2998 agnosco
347 2915 509 3000 duplicem
534 2913 594 2977 sub
618 2934 778 2998 personae
802 2913 928 2976 unitate
952 2911 1181 2975 substantiam:
1217 2913 1258 2976 de
1283 2920 1392 2976 nostro
1417 2921 1468 2977 est
1491 2913 1575 2998 quod
1592 2912 1758 2998 appendit,
1782 2910 1874 2974 deso

126 3030 150 3066 2¹⁵
180 3038 238 3079 suo
262 3025 310 3080 est
334 3019 418 3103 quod
442 3017 583 3080 ‹lonavit
629 3015 670 3080 de
693 3023 802 3080 nostro
827 3016 940 3080 habuit
963 3016 1049 3080 unde
1074 3016 1219 3091 caderet,
1250 3017 1291 3080 de
1315 3039 1373 3081 suo
1401 3017 1486 3082 unde
1518 3024 1738 3102 consurgeret.
1783 3015 1822 3077 de

180 3129 290 3183 nostro
321 3121 406 3186 undc
436 3128 612 3198 teneretur,
644 3119 685 3183 dc
714 3140 772 3183 suo
801 3119 886 3182 unde
915 3119 1136 3184 misereretur.
1183 3120 1223 3184 de
1255 3127 1365 3184 nostro
1396 3121 1509 3186 habuit
1539 3119 1625 3185 uude
1648 3142 1707 3205 pro
1731 3117 1822 3181 nobis

178 3225 335 3296 solveret,
371 3226 410 3290 de
444 3246 503 3287 suo
533 3224 619 3287 unde
651 3223 781 3309 penitus
814 3223 846 3285 in
874 3223 963 3285 nullo
995 3221 1123 3287 debitor
1153 3232 1335 3309 appareret.
1384 3224 1425 3289 de
1454 3233 1564 3289 nostro
1598 3223 1683 3288 unde
1716 3223 1819 3286 cruci-

179 3329 344 3412 figeretur,
378 3329 417 3393 de
447 3351 505 3392 suo
533 3328 618 3392 unde
646 3327 892 3412 glorificaretur.
943 3325 983 3390 de
1013 3335 1124 3391 nostro
1154 3326 1243 3391 dedit
1273 3327 1400 3413 peccati
1428 3328 1583 3407 hostiam,
1617 3328 1657 3391 de
1687 3347 1745 3389 suo
1774 3325 1872 3388 in·3l

180 3430 367 3516 dulgentiae
392 3433 505 3496 tribuit
528 3433 676 3515 gratiam.
716 3429 756 3495 de
781 3437 891 3494 nostro
917 3431 1026 3515 itaque
1051 3430 1243 3511 humiliatio,
1268 3431 1308 3495 de
1327 3453 1385 3495 suo
1402 3453 1476 3496 esse
1493 3433 1649 3518 probatur
1664 3433 1822 3496 assensio.

128 3550 133 3583 ³
181 3535 220 3599 de
250 3543 358 3599 nostro
390 3536 507 3600 obtulit
541 3534 748 3609 sacrificium,
783 3532 824 3596 de
859 3555 917 3597 suo
952 3533 1089 3597 contulit
1123 3535 1313 3620 praemium.
1363 3534 1498 3600 duarum
1531 3557 1607 3621 crgo
1638 3543 1824 3600 naturarum

181 3661 283 3724 capax
315 3640 408 3703 horno
440 3638 682 3703 infirmitatibus
712 3637 911 3722 agnoscitur,
945 3635 1027 3702 deus
1056 3638 1229 3703 virtutibus
1262 3639 1469 3724 approbatur.
1521 3641 1612 3725 piget
1642 3641 1877 3703 sermonem32

181 3751 245 3806 tam
271 3744 462 3808 rrranilestae
491 3744 537 3807 rei
568 3742 748 3806 assertione
778 3740 969 3826 producere.
1015 3742 1096 3812 scio,
1126 3741 1211 3827 quod
1240 3743 1321 3806 haec
1352 3743 1424 3828 ipsa
1451 3743 1597 3807 breviter
1626 3743 1825 3826 strictimque

181 3855 360 3911 memorata
384 3854 507 3911 temere
531 3847 694 3909 committo
718 3846 770 3908 vel
794 3845 944 3928 epistulis
968 3845 1050 3909 meis
1073 3846 1125 3909 vel
1151 3846 1301 3910 sensibus
1324 3847 1399 3910 tuis.
1438 3845 1496 3910 sed
1519 3845 1596 3908 dum
1619 3852 1651 3908 tc
1667 3843 1708 3907 ad
1724 3845 1824 3908 inter·

183 3951 359 4036 rogationis
392 3951 615 4015 salubritatem
647 3949 787 4012 sollicita
814 3948 998 4013 humilitate
1028 3948 1205 4014 submittis.
1238 3950 1374 4013 multum
1406 3949 1485 4012 mihi
1512 3949 1552 4012 de
1584 3949 1701 4013 erroris
1731 3947 1826 4011 huius

129 4070 154 4105 ³³*
183 4056 325 4119 remedio
349 4055 522 4139 polliceris.
564 4073 690 4119 revoca.
714 4072 848 4136 quaeso,
871 4052 912 4115 ab
936 4052 998 4116 hoc
1021 4051 1206 4116 discrimine
1229 4054 1346 4138 pedem
1370 4061 1470 4132 tuum,
1494 4053 1679 4138 priusquam
1703 4052 1733 4114 in
1750 4071 1823 4135 pro·
1837 4051 1877 4112 33

182 4159 315 4222 fundum
340 4157 552 4222 irrevocabile
577 4156 726 4220 elationis
751 4162 895 4220 torrente
919 4157 1069 4241 rapiaris,
1102 4165 1135 4220 et
1168 4163 1291 4221 rectum
1320 4157 1418 4220 animi
1445 4177 1590 4227 sensum,
1622 4155 1673 4239 qni
1704 4155 1825 4216 multae

183 4262 331 4326 lectionis
354 4261 479 4346 pondus
503 4281 565 4323 non
589 4260 729 4323 sustinet
751 4281 812 4323 nec
836 4259 927 4323 novit
949 4259 1137 4324 thesaurum
1163 4260 1319 4324 scientiae
1345 4260 1550 4345 dispensare,
1578 4259 1683 4342 magis
1706 4256 1825 4321 laboris

285 4560 302 4611 3
324 4557 485 4625 Symbolum
504 4559 593 4626 apost.
612 4555 686 4625 apud
704 4553 808 4609 Schah'.
831 4552 889 4606 The
907 4553 1000 4606 creeds
1019 4552 1050 4606 os
1065 4552 1257 4606 Christendom
1277 4552 1309 4615 11,
1329 4572 1355 4621 p.
1373 4554 1415 4605 45».
1509 4554 1548 4605 1‘2.
1569 4553 1608 4604 11.
1628 4553 1659 4604 11
1684 4552 1718 4604 ls.
1739 4551 1783 4614 IX,
1801 4553 1826 4604 o.

289 4717 430 4774 lueritate
449 4716 474 4765 P
590 4714 740 4764 turrinus
757 4714 903 4779 amplexum
920 4712 946 4762 P
1064 4710 1222 4762 4111111116Ι
1308 4708 1380 4777 quin]
1400 4711 1549 4772 Mearmsea,
1574 4728 1624 4776 quc
1642 4712 1693 4761 sint
1714 4712 1744 4770 (1¹,
1761 4727 1827 4775 qnae

183 4807 233 4855 sint
246 4805 271 4854 P
372 4803 533 4854 bsaluatore
548 4802 572 4851 P
639 4801 776 4851 credidisse
797 4828 826 4834 —
845 4797 1010 4866 tiduplieeml
1029 4817 1077 4850 eas.
1091 4798 1116 4848 P
1216 4798 1371 4849 lisocietate
1384 4796 1410 4847 P
1475 4799 1604 4864 adsumpti
1617 4796 1642 4847 P
1743 4792 1826 4861 idei]

183 4892 281 4956 scripsi,
299 4893 362 4942 deus
379 4890 427 4940 (lP
495 4890 650 4939 substantias
663 4887 689 4936 Ρ
755 4888 859 4937 homine
872 4885 897 4936 P
998 4885 1150 4953 8separatt's
1168 4885 1215 4936 deo
1228 4885 1254 4934 P
1321 4884 1436 4934 homines
1449 4883 1474 4933 Ρ
1540 4884 1628 4935 taleP
1695 4882 1830 4933 uidebitP

183 4976 200 5026 tt
224 4978 388 5044 praecipitare
411 4978 432 5026 P
543 4975 576 5025 ltl
598 4970 747 5039 trinitatem]
770 4973 965 5038 quatemitatem
989 4972 1051 5022 aaa.
1070 4970 1107 5021 P:
1129 4972 1227 5021 scribas
1245 4979 1274 5022 ut
1296 4972 1345 5021 iam
1371 4971 1584 5036 quaternitatem?
1664 4971 1785 5020 corrfitere
1804 4967 1829 5017 P

186 5064 217 5116 11
241 5065 411 5130 redemptores
430 5063 455 5112 P
546 5062 679 5112 natiuitate
696 5061 745 5110 GP
873 5055 906 5109 13
930 5054 972 5123 cx]
997 5074 1028 5109 aa
1047 5057 1071 5107 P
1199 5054 1232 5105 14
1258 5057 1358 5122 uirgine
1379 5055 1427 5106 GP
1554 5054 1586 5105 lli
1610 5055 1786 5120 magnitudine
1806 5054 1830 5103 P

186 5148 217 5201 17
236 5161 312 5201 nutus
330 5158 369 5200 est
386 5149 469 5216 nobis]
488 5159 550 5200 natu
566 5152 596 5211 (ι’,
611 5150 738 5214 probante
751 5145 907 5196 Monrnrseno
996 5142 1029 5194 18
1047 5140 1129 5207 nohis]
1148 5161 1196 5192 oar.
1213 5143 1244 5204 (1¹,
1257 5143 1384 5208 probante
1395 5141 1553 5192 Monrrnscno
1605 5139 1764 5205 attitulat.
1781 5140 1829 5200 0¹,

184 5238 232 5287 sibi
250 5236 372 5301 apuacit
384 5236 524 5285 Mommsen
611 5232 646 5285 ‘20
663 5231 722 5301 qno]
739 5249 816 5297 aquo
826 5232 857 5294 Ρ,
875 5232 909 5295 af.
923 5229 1017 5295 Script.
1030 5229 1091 5281 Iter.
1104 5228 1202 5279 Merca.
1216 5228 1239 5290 1,
1252 5246 1282 5294 p.
1295 5233 1342 5278 929
1393 5229 1500 5279 moritur
1514 5228 1539 5279 P
1622 5223 1656 5277 24
1674 5223 1722 5292 est]
1741 5243 1789 5276 oar.
1806 5229 1829 5274 (ι’

184 5324 304 5389 adpendit
318 5322 373 5383 th,
391 5323 424 5383 cf.
434 5340 462 5386 p.
478 5325 537 5382 286,
555 5322 571 5369 l.
584 5326 613 5371 21
700 5317 734 5368 'lb
752 5319 783 5368 de
797 5325 883 5368 nostro
896 5342 928 5351 —
940 5310 1155 5377 admisceretur]
1171 5331 1220 5363 oar.
1236 5314 1259 5364 (ι’
1343 5315 1377 5365 26
1395 5315 1463 5366 unde
1476 5311 1646 5378 misereretur]
1666 5312 1794 5364 miseritur
1806 5310 1832 5360 P

185 5407 217 5458 ‘li
236 5409 341 5459 soluerit
354 5408 378 5457 P
427 5406 571 5458 ‹lebeturP
654 5405 688 5455 ’28
705 5405 775 5456 debit
787 5404 812 5453 P
861 5402 1025 5467 indulgencia
1041 5408 1069 5453 et
1086 5401 1175 5451 tribuit
1187 5401 1213 5450 P
1303 5401 1338 5452 bb
1356 5402 1467 5468 praemio
1480 5402 1504 5450 P
1587 5400 1620 5451 31
1639 5410 1795 5466 agnuscetur
1807 5397 1832 5447 P

184 5497 255 5562 pegit
275 5495 323 5544 ΗΡ
430 5493 463 5544 32
481 5495 535 5561 regi
555 5493 579 5542 P
649 5493 812 5556 strictimque
830 5490 855 5539 P
961 5487 996 5538 33
1013 5489 1096 5539 timeri
1114 5488 1139 5538 P
1213 5488 1428 5554 interrogaciones
1445 5488 1471 5537 P
1580 5484 1829 5546 :manumissuris

186 5583 340 5633 submitteris
359 5582 384 5631 P
457 5597 554 5631 errores
573 5580 598 5629 P
707 5576 742 5628 36
759 5576 933 5628 inreuocabile
955 5576 979 5624 (l
1053 5575 1179 5627 elaciones
1197 5575 1222 5626 P
1295 5575 1401 5644 rapiatis
1422 5574 1444 5623 G
1519 5575 1620 5626 aninmo
1639 5572 1665 5625 P
1734 5573 1828 5624 nrirltas

186 5666 312 5734 lectionis]
335 5670 365 5727 tl,
383 5669 463 5720 multa
480 5667 605 5718 elacionss
628 5666 649 5718 Ρ
750 5661 783 5716 :il
802 5663 901 5717 labores
920 5661 944 5716 Ρ
