4462 6216
939 336 1077 392 SIDONII
1096 337 1295 393 CARMINUM

651 513 696 577 sic
720 510 858 576 sedeant
881 512 1048 577 elementa
1070 511 1185 593 modis,
1209 519 1246 577 ut
1268 512 1414 598 pondere
1437 512 1565 598 magnis

650 617 692 679 sit
714 616 808 680 locus
832 615 985 691 inierior;
1009 615 1117 680 media
1141 617 1260 680 tellure
1283 615 1369 701 quod
1392 622 1503 680 auteur

651 718 799 804 perfecte
822 716 967 783 medium
991 723 1053 797 est,
1076 717 1177 781 imum
1200 723 1292 803 patet
1315 739 1389 783 esse
1414 720 1556 786 rotundi:

595 836 619 872 ³³·
653 821 728 886 hinc
752 822 833 902 fieri,
857 828 894 885 ut
917 827 1037 886 terram
1060 822 1162 886 levior
1185 821 1405 906 superemicet
1427 822 1525 901 unda,

651 926 746 989 altior
769 926 818 989 his
842 945 970 1010 quoque
994 924 1036 989 sit
1059 925 1113 1009 qui
1136 925 1249 1010 purior
1272 925 1394 990 eminet
1416 947 1483 1005 aer,

651 1031 761 1095 omnia
784 1030 958 1095 concludat
981 1029 1108 1094 caelum
1131 1030 1267 1094 levitate
1291 1050 1454 1114 suprema,

651 1133 797 1220 pendeat
821 1139 856 1199 et
878 1139 980 1198 totum
1006 1133 1103 1196 simul
1126 1131 1188 1197 boc
1211 1132 1252 1196 ab
1276 1132 1402 1217 origine
1426 1133 1539 1197 centri.

650 1236 772 1302 Thales
796 1238 848 1302 hio
872 1238 970 1303 etiam
993 1237 1138 1301 numeris
1161 1237 1321 1323 perquirit
1343 1243 1377 1301 et
1400 1238 1506 1313 astris

652 1341 816 1407 defectum
840 1348 877 1406 ut
899 1341 1027 1408 Phoebi
1049 1361 1109 1405 nec
1133 1362 1198 1405 uon
1221 1340 1399 1425 Lunaeque
1422 1341 1569 1405 laborem

653 1447 781 1511 nuntiet
803 1447 965 1519 anterius;
989 1445 1047 1510 sed
1071 1444 1169 1511 rebus
1193 1445 1309 1509 inutile
1333 1445 1425 1530 ponit

650 1550 856 1636 principium,
880 1549 957 1614 dum
981 1549 1085 1614 credit
1107 1549 1201 1633 aquis
1225 1548 1406 1614 subsistere
1429 1548 1595 1612 mundum.

651 1653 746 1718 huius
771 1653 923 1739 diseipuli
946 1673 1043 1717 versa
1065 1659 1117 1716 est
1140 1651 1306 1717 sententia
1329 1650 1442 1715 dicens

654 1757 822 1843 principiis
846 1757 987 1842 propriis
1010 1776 1142 1841 semper
1165 1776 1217 1820 res
1241 1775 1388 1840 quasque
1411 1755 1527 1835 creari,

600 1875 620 1912 -·'·
655 1861 786 1946 singula
809 1861 864 1946 qui
888 1859 1045 1945 quosdam
1069 1858 1177 1924 fontes
1200 1857 1350 1923 decernit
1372 1858 1495 1924 habere

652 1970 821 2029 aeternum
845 1964 985 2048 irriguos
1009 1984 1047 2026 ac
1071 1983 1180 2027 remur
1204 1963 1327 2027 somine
1351 1962 1475 2048 plenos.

652 2069 738 2132 hune
763 2068 862 2132 etiam
886 2068 1042 2152 sequitur,
1067 2066 1121 2152 qui
1145 2067 1282 2152 gignere
1307 2073 1425 2130 cuneta
1447 2065 1584 2152 putabat

652 2172 738 2236 hunc
762 2192 882 2245 aerem,
907 2171 1095 2257 pariterque
1116 2170 1197 2235 deos
1220 2171 1266 2235 sic
1289 2176 1437 2235 autumat
1460 2177 1559 2235 ortos.

654 2280 789 2359 quartus
813 2274 1031 2357 Anaxagoras
1055 2273 1228 2338 Thaletica
1250 2273 1405 2359 dogmata
1428 2282 1547 2350 servat,

598 2418 604 2430 ·
655 2376 713 2443 sed
736 2377 882 2441 divinum
905 2377 1050 2442 animum
1073 2379 1182 2459 sentit,
1209 2377 1264 2462 qui
1287 2377 1403 2442 feeerit
1425 2377 1549 2443 orbern.

655 2482 760 2546 iunior
784 2481 860 2546 huic
883 2483 1014 2546 iunctus
1039 2482 1161 2547 residet
1185 2482 1321 2566 collega,
1346 2481 1514 2546 sedidem

656 2587 826 2652 materiam
850 2587 974 2651 cunctis
1000 2586 1158 2652 creaturis
1182 2607 1259 2650 aera
1282 2585 1419 2650 eredens

655 2691 778 2756 iudicat
800 2690 876 2755 inde
900 2690 1009 2771 deum,
1032 2692 1157 2756 faceret
1180 2711 1243 2776 quo
1267 2697 1394 2769 cuncta,
1418 2691 1543 2755 tulisse.

653 2801 729 2881 post
752 2795 812 2859 hos
835 2794 1003 2861 Arcesilas
1027 2795 1137 2859 divina
1159 2802 1269 2860 mente
1293 2800 1440 2880 paratam

656 2900 777 2964 conicit
799 2899 884 2964 hanc
907 2901 1038 2977 molem,
1063 2899 1246 2965 confectam
1270 2898 1418 2984 partibus
1440 2898 1516 2975 illis,

655 3024 736 3088 quas
760 3009 886 3067 atomos
912 3011 1007 3067 vocat
1029 3003 1100 3088 ipse
1125 3004 1226 3068 leves.
1272 3001 1438 3067 Socratica
1460 3009 1534 3088 post
1557 3002 1642 3067 hune

655 3114 746 3173 secta
769 3107 878 3188 micat,
902 3129 986 3193 quac
1010 3107 1050 3172 de
1074 3114 1211 3173 naturae
1235 3107 1378 3194 pondere
1401 3107 1546 3192 migrans

654 3212 696 3275 ad
719 3232 826 3276 mores
849 3212 1017 3276 hominum
1041 3211 1202 3277 limandos
1226 3212 1392 3276 transtulit
1413 3232 1519 3277 usum.

655 3314 739 3380 hauc
763 3322 888 3380 sectam
910 3315 1086 3401 perhibent
1111 3337 1273 3380 summum
1296 3316 1482 3380 excoluisse
1506 3316 1656 3393 Platona,

655 3418 714 3484 sed
738 3419 857 3504 triplici
880 3419 1041 3485 formasse
1065 3420 1170 3500 modo,
1194 3418 1270 3483 dum
1295 3419 1419 3503 primus
1443 3427 1477 3484 et
1500 3441 1583 3483 unus

655 3523 791 3608 physica
813 3524 866 3587 vel
889 3523 1006 3608 logico,
1031 3524 1173 3608 logicum
1196 3523 1249 3587 vel
1272 3523 1377 3608 iungit
1400 3522 1441 3587 ad
1465 3523 1569 3588 ethos.

655 3627 778 3692 invenit
801 3627 854 3691 hic
878 3628 1031 3712 princeps
1053 3626 1132 3712 quid
1154 3627 1259 3713 prima
1282 3627 1428 3691 essentia
1450 3627 1549 3693 distet

655 3753 675 3794 a
698 3751 824 3794 summo
849 3729 1131 3815 sextoque-bono,
1156 3751 1229 3794 oum
1253 3730 1394 3815 donique
1418 3752 1500 3795 saxa

655 3835 720 3899 sint
743 3840 868 3900 tantum
892 3835 1089 3921 penitusque
1113 3834 1194 3898 nihil
1219 3835 1282 3898 nisi
1305 3856 1379 3899 esse
1402 3834 1596 3920 probentur:

612 3954 623 3988 Ξ·
654 3938 803 4025 proxima
820 3938 1008 4019 succedant,
1026 3938 1144 4025 quibus
1162 3960 1236 4004 esse
1251 3946 1284 4002 et
1296 3938 1407 4003 vivere
1421 3945 1607 4024 promptum
1623 3946 1684 4018 est,

654 4042 776 4108 addere
800 4043 873 4128 quis
895 4043 1003 4128 possis
1025 4043 1071 4107 nil
1094 4044 1244 4128 amplius,
1268 4042 1365 4108 arbor
1388 4047 1422 4108 et
1444 4043 1564 4111 herbo:

655 4147 754 4212 tortia
777 4147 821 4211 sit
843 4168 1009 4233 pecorum,
1033 4167 1170 4233 quorum
1194 4168 1269 4212 esse
1294 4154 1327 4211 et
1349 4146 1461 4211 vivore
1486 4152 1573 4210 motu

655 4272 718 4315 non
743 4258 833 4316 caret
857 4258 891 4316 et
914 4272 1031 4325 sensu;
1055 4251 1210 4315 mortales
1234 4256 1350 4335 quarta
1374 4248 1493 4313 deinde

655 4355 811 4440 respiciat
834 4355 959 4419 factura
983 4376 1071 4434 suos,
1095 4354 1320 4440 quibusoam,
1343 4353 1479 4430 moveri,

656 4458 767 4523 vivere
791 4479 864 4522 oum
888 4480 988 4524 sensu
1012 4459 1117 4535 datur,
1142 4464 1176 4523 et
1198 4456 1421 4543 supereminet
1444 4455 1534 4534 illud,

656 4560 741 4645 quod
766 4562 899 4648 sapiunt
921 4582 1063 4647 veroque
1087 4562 1198 4626 valent
1222 4560 1410 4626 discernere
1434 4559 1570 4636 falsum3

656 4665 769 4748 quinta
792 4671 960 4730 creaturas
984 4686 1119 4751 superas
1143 4664 1327 4728 substantia
1350 4662 1477 4749 prodat,

655 4789 736 4852 quas
761 4769 891 4854 quidam
915 4769 1029 4835 dixere
1053 4769 1143 4849 deos,
1166 4769 1243 4853 quia
1266 4788 1404 4853 corpora
1427 4774 1556 4832 sumant

290 4928 338 4935 .--
351 4928 421 4934 ---.
429 4928 701 4935 ..ψ-.-.-

392 5045 424 5098 13
444 5044 534 5112 medio]
555 5048 645 5098 nrodus
663 5046 691 5096 F
802 5044 834 5097 74
853 5064 933 5098 unum
952 5046 1006 5097 PF
1117 5044 1150 5099 ἶς’)
1172 5048 1213 5098 hic
1232 5047 1304 5098 seieri
1321 5046 1347 5097 P
1422 5047 1585 5114 surperemicit
1603 5046 1631 5098 F
1742 5045 1775 5099 76
1792 5050 1884 5101 enricet
1903 5049 1945 5099 P·

291 5133 323 5187 78
341 5138 445 5201 origene
463 5135 492 5185 F
593 5130 625 5184 79
643 5134 708 5185 tales
726 5133 779 5184 PT
877 5131 1064 5200 bouquetum
1086 5134 1126 5184 P·
1229 5132 1433 5185 8tinuti1011·
1503 5132 1582 5201 ponit]
1602 5136 1651 5186 suit
1669 5135 1697 5185 F
1796 5133 1831 5187 82
1849 5136 1943 5188 creditu

288 5223 346 5288 quis
359 5220 385 5271 P
469 5220 503 5272 83
516 5221 661 5272 substantio
676 5219 715 5269 Τει
767 5218 882 5271 fficrrsF
965 5220 998 5270 st
1012 5237 1187 5286 quascumque
1200 5221 1286 5272 creavi
1299 5220 1327 5270 F
1409 5218 1444 5272 85
1462 5220 1578 5286 quisdam
1593 5219 1620 5270 F
1703 5219 1863 5288 sehunna]
1876 5239 1945 5287 uera,

289 5327 335 5360 nos
353 5308 530 5365 Pilumnum:
554 5308 598 5373 qui
616 5304 787 5373 [immensum]
805 5308 912 5373 gignere
929 5316 1024 5357 cuncto
1041 5304 1044 5369 l
1060 5325 1118 5357 seru
1133 5308 1170 5358 ait
1184 5306 1246 5369 Leo,
1268 5308 1302 5372 qs.
1318 5307 1452 5372 rlrrprrstiu.
1472 5308 1498 5357 0.
1513 5307 1546 5356 Ι).
1560 5307 1641 5371 1’111,
1656 5307 1673 5358 ⁸2
1695 5308 1767 5359 Diels
1784 5308 1889 5373 ‹loxopa
1901 5312 1946 5358 173

287 5393 321 5443 89
347 5403 441 5458 quatuo
459 5394 485 5444 Ρ
560 5411 718 5460 urroxogorus
737 5392 766 5443 F
875 5391 907 5441 91
932 5393 992 5443 hinc
1010 5392 1038 5443 F
1113 5410 1134 5445 c.
1154 5390 1184 5458 a]
1203 5395 1315 5460 collegas
1333 5393 1362 5443 F
1471 5392 1505 5443 93
1523 5396 1614 5446 lateret
1631 5412 1793 5462 quocumque
1811 5395 1901 5446 tulisse
1920 5392 1949 5444 F

287 5477 322 5530 94
340 5481 478 5531 archesilas
493 5479 570 5543 OPF,
587 5481 744 5531 archesilaus
763 5477 969 5542 T(rlrclrcluunr
989 5479 1074 5530 debuit
1091 5480 1234 5541 rroou'nure,
1252 5488 1278 5527 ul
1293 5498 1315 5528 r.
1328 5483 1361 5530 89
1375 5480 1561 5544 Artoaimerrea,
1583 5499 1636 5531 noa
1655 5481 1787 5530 'I’lruletirn
1806 5480 1944 5543 adaquantur.

289 5564 352 5616 Leol
430 5574 552 5632 patratam
574 5567 596 5616 (¹
707 5565 741 5616 99
764 5567 811 5617 lrec
830 5565 855 5615 1’
967 5564 1015 5615 too
1038 5569 1143 5617 fortusse
1167 5566 1201 5615 7¹¹
1318 5564 1368 5614 103
1389 5575 1509 5630 sectoque
1528 5567 1581 5616 PF
1692 5564 1741 5615 104
1762 5565 1903 5615 aiutuutnm
1922 5566 1948 5616 P

288 5652 336 5701 uisi
355 5652 388 5707 id.
407 5668 470 5715 cuae,
492 5654 542 5702 Leo
648 5650 698 5702 llla'r
716 5654 854 5703 arrecedent
874 5651 901 5703 F
1004 5651 1054 5702 lilii
1072 5653 1162 5704 urlrom
1186 5651 1259 5703 TPF
1363 5650 1413 5702 llll
1431 5668 1558 5703 corrmnsu
1578 5651 1603 5703 1‘
