<?xml version="1.0" encoding="UTF-8"?>
<!DOCTYPE html PUBLIC "-//W3C//DTD XHTML 1.0 Transitional//EN"
    "http://www.w3.org/TR/xhtml1/DTD/xhtml1-transitional.dtd">
<html xmlns="http://www.w3.org/1999/xhtml" xml:lang="en" lang="en">
 <head>
  <title>
</title>
<meta http-equiv="Content-Type" content="text/html;charset=utf-8" />
  <meta name='ocr-system' content='tesseract 3.04.00' />
  <meta name='ocr-capabilities' content='ocr_page ocr_carea ocr_par ocr_line ocrx_word'/>
</head>
<body>
  <div class='ocr_page' id='page_1' title='image "./gaisoliiapollin00ltgoog_0012.png"; bbox 0 0 4462 6216; ppageno 0'>
   <div class='ocr_carea' id='block_1_1' title="bbox 981 364 1941 420">
    <p class='ocr_par' dir='ltr' id='par_1_1' title="bbox 981 364 1941 420">
     <span class='ocr_line' id='line_1_1' title="bbox 981 364 1941 420; baseline -0.004 0"><span class='ocrx_word' id='word_1_1' title='bbox 981 364 1249 420; x_wconf 78' lang='lat' dir='ltr'>IUII&#39;IJOHANNI.</span> <span class='ocrx_word' id='word_1_2' title='bbox 1891 366 1941 417; x_wconf 87' lang='lat' dir='ltr'>Vll</span> 
     </span>
    </p>
   </div>
   <div class='ocr_carea' id='block_1_2' title="bbox 284 533 2004 4320">
    <p class='ocr_par' dir='ltr' id='par_1_2' title="bbox 284 533 1943 1865">
     <span class='ocr_line' id='line_1_2' title="bbox 285 533 1939 623; baseline -0.005 -15"><span class='ocrx_word' id='word_1_3' title='bbox 285 549 397 608; x_wconf 88' lang='lat' dir='ltr'>autem</span> <span class='ocrx_word' id='word_1_4' title='bbox 421 542 525 606; x_wconf 83' lang='lat' dir='ltr'>codex</span> <span class='ocrx_word' id='word_1_5' title='bbox 548 541 607 605; x_wconf 91' lang='grc'>151.</span> <span class='ocrx_word' id='word_1_6' title='bbox 633 545 694 605; x_wconf 83' lang='lat'>162</span> <span class='ocrx_word' id='word_1_7' title='bbox 724 541 793 604; x_wconf 85' lang='lat' dir='ltr'>sive</span> <span class='ocrx_word' id='word_1_8' title='bbox 821 539 936 623; x_wconf 86' lang='lat' dir='ltr'>viginti</span> <span class='ocrx_word' id='word_1_9' title='bbox 964 538 1253 623; x_wconf 80' lang='lat' dir='ltr'>quaternionibus,</span> <span class='ocrx_word' id='word_1_10' title='bbox 1283 558 1300 601; x_wconf 91' lang='grc'>5</span> <span class='ocrx_word' id='word_1_11' title='bbox 1330 536 1448 622; x_wconf 92' lang='lat' dir='ltr'>quibus</span> <span class='ocrx_word' id='word_1_12' title='bbox 1472 536 1628 622; x_wconf 90' lang='lat' dir='ltr'>septimus</span> <span class='ocrx_word' id='word_1_13' title='bbox 1652 533 1781 616; x_wconf 89' lang='lat' dir='ltr'>decem,</span> <span class='ocrx_word' id='word_1_14' title='bbox 1804 535 1939 599; x_wconf 91' lang='lat' dir='ltr'>ultimus</span> 
     </span>
     <span class='ocr_line' id='line_1_3' title="bbox 285 639 1942 731; baseline -0.004 -23"><span class='ocrx_word' id='word_1_15' title='bbox 285 651 413 731; x_wconf 85' lang='lat' dir='ltr'>septem</span> <span class='ocrx_word' id='word_1_16' title='bbox 442 643 521 708; x_wconf 85' lang='lat' dir='ltr'>folia</span> <span class='ocrx_word' id='word_1_17' title='bbox 550 643 794 730; x_wconf 90' lang='lat' dir='ltr'>complectitur;</span> <span class='ocrx_word' id='word_1_18' title='bbox 826 642 1057 727; x_wconf 83' lang='lat' dir='ltr'>quaterniones</span> <span class='ocrx_word' id='word_1_19' title='bbox 1086 662 1191 727; x_wconf 90' lang='lat' dir='ltr'>usque</span> <span class='ocrx_word' id='word_1_20' title='bbox 1218 640 1260 705; x_wconf 91' lang='lat' dir='ltr'>ad</span> <span class='ocrx_word' id='word_1_21' title='bbox 1289 639 1498 704; x_wconf 89' lang='lat' dir='ltr'>undecimum</span> <span class='ocrx_word' id='word_1_22' title='bbox 1526 639 1686 702; x_wconf 89' lang='lat' dir='ltr'>numerati</span> <span class='ocrx_word' id='word_1_23' title='bbox 1709 645 1798 719; x_wconf 91' lang='lat' dir='ltr'>sunt,</span> <span class='ocrx_word' id='word_1_24' title='bbox 1823 639 1942 703; x_wconf 88' lang='lat' dir='ltr'>ceteris</span> 
     </span>
     <span class='ocr_line' id='line_1_4' title="bbox 284 740 1941 830; baseline -0.004 -18"><span class='ocrx_word' id='word_1_25' title='bbox 284 748 413 812; x_wconf 90' lang='lat' dir='ltr'>numeri</span> <span class='ocrx_word' id='word_1_26' title='bbox 436 748 566 813; x_wconf 87' lang='lat' dir='ltr'>desunt.</span> <span class='ocrx_word' id='word_1_27' title='bbox 613 744 792 809; x_wconf 79' lang='lat' dir='ltr'>Continent</span> <span class='ocrx_word' id='word_1_28' title='bbox 814 750 925 809; x_wconf 89' lang='lat' dir='ltr'>autem</span> <span class='ocrx_word' id='word_1_29' title='bbox 947 752 1078 830; x_wconf 89' lang='lat' dir='ltr'>praeter</span> <span class='ocrx_word' id='word_1_30' title='bbox 1101 763 1150 824; x_wconf 90' lang='lat' dir='ltr'>ea,</span> <span class='ocrx_word' id='word_1_31' title='bbox 1174 765 1257 830; x_wconf 89' lang='lat' dir='ltr'>quae</span> <span class='ocrx_word' id='word_1_32' title='bbox 1282 745 1346 807; x_wconf 89' lang='lat' dir='ltr'>iam</span> <span class='ocrx_word' id='word_1_33' title='bbox 1370 743 1632 822; x_wconf 84' lang='lat' dir='ltr'>commemoravi,</span> <span class='ocrx_word' id='word_1_34' title='bbox 1655 741 1711 807; x_wconf 86' lang='lat' dir='ltr'>iol.</span> <span class='ocrx_word' id='word_1_35' title='bbox 1739 745 1840 807; x_wconf 82' lang='grc'>1-7·</span> <span class='ocrx_word' id='word_1_36' title='bbox 1855 740 1941 806; x_wconf 89' lang='lat' dir='ltr'>med.</span> 
     </span>
     <span class='ocr_line' id='line_1_5' title="bbox 287 844 1943 931; baseline -0.003 -17"><span class='ocrx_word' id='word_1_37' title='bbox 287 850 456 915; x_wconf 86' lang='lat' dir='ltr'>Ciceronis</span> <span class='ocrx_word' id='word_1_38' title='bbox 480 849 639 913; x_wconf 89' lang='lat' dir='ltr'>Catonem</span> <span class='ocrx_word' id='word_1_39' title='bbox 668 849 823 914; x_wconf 89' lang='lat' dir='ltr'>maiorem</span> <span class='ocrx_word' id='word_1_40' title='bbox 853 850 984 912; x_wconf 89' lang='lat' dir='ltr'>saeculo</span> <span class='ocrx_word' id='word_1_41' title='bbox 1006 847 1074 912; x_wconf 86' lang='lat' dir='ltr'>XII</span> <span class='ocrx_word' id='word_1_42' title='bbox 1102 855 1272 912; x_wconf 83' lang='lat' dir='ltr'>exaratum</span> <span class='ocrx_word' id='word_1_43' title='bbox 1302 852 1335 911; x_wconf 89' lang='lat' dir='ltr'>et</span> <span class='ocrx_word' id='word_1_44' title='bbox 1363 848 1411 911; x_wconf 91' lang='grc'>115</span> <span class='ocrx_word' id='word_1_45' title='bbox 1438 846 1642 931; x_wconf 89' lang='lat' dir='ltr'>inscriptum:</span> <span class='ocrx_word' id='word_1_46' title='bbox 1675 844 1883 926; x_wconf 71' lang='lat' dir='ltr'>Exceptioaes</span> <span class='ocrx_word' id='word_1_47' title='bbox 1904 845 1943 909; x_wconf 76' lang='lat' dir='ltr'>ae</span> 
     </span>
     <span class='ocr_line' id='line_1_6' title="bbox 284 949 1942 1034; baseline -0.001 -18"><span class='ocrx_word' id='word_1_48' title='bbox 284 953 365 1017; x_wconf 84' lang='lat' dir='ltr'>libro</span> <span class='ocrx_word' id='word_1_49' title='bbox 395 952 495 1017; x_wconf 73' lang='lat' dir='ltr'>Taua</span> <span class='ocrx_word' id='word_1_50' title='bbox 527 951 697 1017; x_wconf 68' lang='lat' dir='ltr'>Cicerones·</span> <span class='ocrx_word' id='word_1_51' title='bbox 714 972 805 1032; x_wconf 78' lang='lat' dir='ltr'>qrrem</span> <span class='ocrx_word' id='word_1_52' title='bbox 834 952 962 1031; x_wconf 78' lang='lat' dir='ltr'>scripsit</span> <span class='ocrx_word' id='word_1_53' title='bbox 991 951 1035 1014; x_wconf 81' lang='lat' dir='ltr'>ccl</span> <span class='ocrx_word' id='word_1_54' title='bbox 1059 951 1167 1016; x_wconf 63' lang='lat' dir='ltr'>Tarsam</span> <span class='ocrx_word' id='word_1_55' title='bbox 1193 951 1230 1014; x_wconf 80' lang='lat' dir='ltr'>dc</span> <span class='ocrx_word' id='word_1_56' title='bbox 1257 955 1429 1027; x_wconf 54' lang='lat' dir='ltr'>saccetum</span> <span class='ocrx_word' id='word_1_57' title='bbox 1456 956 1524 1015; x_wconf 93' lang='lat' dir='ltr'>tum</span> <span class='ocrx_word' id='word_1_58' title='bbox 1551 949 1608 1013; x_wconf 91' lang='grc'>151.</span> <span class='ocrx_word' id='word_1_59' title='bbox 1632 952 1764 1012; x_wconf 77' lang='grc'><strong>7·-8·</strong></span> <span class='ocrx_word' id='word_1_60' title='bbox 1787 956 1942 1034; x_wconf 81' lang='lat' dir='ltr'>excerpta</span> 
     </span>
     <span class='ocr_line' id='line_1_7' title="bbox 287 1053 1940 1141; baseline -0.004 -20"><span class='ocrx_word' id='word_1_61' title='bbox 287 1057 330 1120; x_wconf 92' lang='lat' dir='ltr'>de</span> <span class='ocrx_word' id='word_1_62' title='bbox 366 1056 516 1141; x_wconf 83' lang='lat' dir='ltr'>Gregorii</span> <span class='ocrx_word' id='word_1_63' title='bbox 550 1056 751 1120; x_wconf 81' lang='lat' dir='ltr'>Turonensis</span> <span class='ocrx_word' id='word_1_64' title='bbox 786 1055 923 1119; x_wconf 89' lang='lat' dir='ltr'>historia</span> <span class='ocrx_word' id='word_1_65' title='bbox 955 1055 1157 1119; x_wconf 83' lang='lat' dir='ltr'>Francorum</span> <span class='ocrx_word' id='word_1_66' title='bbox 1196 1056 1231 1140; x_wconf 81' lang='lat' dir='ltr'>(l.</span> <span class='ocrx_word' id='word_1_67' title='bbox 1256 1054 1308 1132; x_wconf 94' lang='lat' dir='ltr'>lI,</span> <span class='ocrx_word' id='word_1_68' title='bbox 1333 1054 1474 1139; x_wconf 77' lang='lat'>21-25)</span> <span class='ocrx_word' id='word_1_69' title='bbox 1509 1076 1583 1118; x_wconf 91' lang='lat' dir='ltr'>cum</span> <span class='ocrx_word' id='word_1_70' title='bbox 1618 1054 1679 1118; x_wconf 92' lang='lat' dir='ltr'>hac</span> <span class='ocrx_word' id='word_1_71' title='bbox 1715 1053 1940 1138; x_wconf 78' lang='lat' dir='ltr'>inscriptione:</span> 
     </span>
     <span class='ocr_line' id='line_1_8' title="bbox 288 1157 1941 1242; baseline -0.003 -19"><span class='ocrx_word' id='word_1_72' title='bbox 288 1160 461 1242; x_wconf 66' lang='lat' dir='ltr'>Gregorius</span> <span class='ocrx_word' id='word_1_73' title='bbox 485 1159 679 1223; x_wconf 75' lang='lat' dir='ltr'>Turorsaasis</span> <span class='ocrx_word' id='word_1_74' title='bbox 706 1159 743 1222; x_wconf 81' lang='grc'>(15</span> <span class='ocrx_word' id='word_1_75' title='bbox 771 1164 881 1222; x_wconf 78' lang='lat' dir='ltr'>sancto</span> <span class='ocrx_word' id='word_1_76' title='bbox 904 1157 1035 1224; x_wconf 80' lang='lat' dir='ltr'>Sidonr&#39;o</span> <span class='ocrx_word' id='word_1_77' title='bbox 1057 1159 1275 1222; x_wconf 71' lang='lat' dir='ltr'>Arvernorum</span> <span class='ocrx_word' id='word_1_78' title='bbox 1297 1159 1452 1238; x_wconf 72' lang='lat' dir='ltr'>episeopo,</span> <span class='ocrx_word' id='word_1_79' title='bbox 1487 1158 1528 1221; x_wconf 89' lang='lat' dir='ltr'>ab</span> <span class='ocrx_word' id='word_1_80' title='bbox 1557 1157 1622 1221; x_wconf 89' lang='lat' dir='ltr'>alia</span> <span class='ocrx_word' id='word_1_81' title='bbox 1645 1178 1758 1233; x_wconf 89' lang='lat' dir='ltr'>manu,</span> <span class='ocrx_word' id='word_1_82' title='bbox 1788 1157 1846 1220; x_wconf 89' lang='lat' dir='ltr'>sed</span> <span class='ocrx_word' id='word_1_83' title='bbox 1872 1157 1941 1241; x_wconf 94' lang='lat' dir='ltr'>ipsa</span> 
     </span>
     <span class='ocr_line' id='line_1_9' title="bbox 286 1258 1941 1348; baseline -0.004 -21"><span class='ocrx_word' id='word_1_84' title='bbox 286 1284 415 1348; x_wconf 88' lang='lat' dir='ltr'>quoque</span> <span class='ocrx_word' id='word_1_85' title='bbox 439 1264 571 1327; x_wconf 89' lang='lat' dir='ltr'>sacculo</span> <span class='ocrx_word' id='word_1_86' title='bbox 587 1262 655 1326; x_wconf 87' lang='lat' dir='ltr'>XII</span> <span class='ocrx_word' id='word_1_87' title='bbox 678 1268 830 1338; x_wconf 82' lang='lat' dir='ltr'>exarata3</span> <span class='ocrx_word' id='word_1_88' title='bbox 855 1261 972 1326; x_wconf 91' lang='lat' dir='ltr'>deinde</span> <span class='ocrx_word' id='word_1_89' title='bbox 995 1262 1049 1327; x_wconf 87' lang='grc'>151.</span> <span class='ocrx_word' id='word_1_90' title='bbox 1065 1262 1107 1327; x_wconf 74' lang='grc'>81</span> <span class='ocrx_word' id='word_1_91' title='bbox 1123 1261 1260 1326; x_wconf 87' lang='lat' dir='ltr'>Ausonii</span> <span class='ocrx_word' id='word_1_92' title='bbox 1284 1261 1325 1325; x_wconf 90' lang='lat' dir='ltr'>de</span> <span class='ocrx_word' id='word_1_93' title='bbox 1347 1260 1545 1325; x_wconf 83' lang='lat' dir='ltr'>Caesaribus</span> <span class='ocrx_word' id='word_1_94' title='bbox 1569 1280 1683 1325; x_wconf 85' lang='lat' dir='ltr'>versus</span> <span class='ocrx_word' id='word_1_95' title='bbox 1707 1258 1941 1346; x_wconf 88' lang='lat' dir='ltr'>septemdecim</span> 
     </span>
     <span class='ocr_line' id='line_1_10' title="bbox 286 1362 1943 1451; baseline -0.002 -21"><span class='ocrx_word' id='word_1_96' title='bbox 286 1368 335 1447; x_wconf 94' lang='lat' dir='ltr'>(hi</span> <span class='ocrx_word' id='word_1_97' title='bbox 358 1374 467 1431; x_wconf 88' lang='lat' dir='ltr'>autem</span> <span class='ocrx_word' id='word_1_98' title='bbox 491 1366 613 1431; x_wconf 82' lang='lat' dir='ltr'>Sidonii</span> <span class='ocrx_word' id='word_1_99' title='bbox 638 1386 712 1430; x_wconf 92' lang='lat' dir='ltr'>esse</span> <span class='ocrx_word' id='word_1_100' title='bbox 735 1366 886 1430; x_wconf 88' lang='lat' dir='ltr'>dicuntur</span> <span class='ocrx_word' id='word_1_101' title='bbox 918 1366 978 1429; x_wconf 94' lang='lat' dir='ltr'>hac</span> <span class='ocrx_word' id='word_1_102' title='bbox 1005 1367 1037 1429; x_wconf 94' lang='lat' dir='ltr'>in</span> <span class='ocrx_word' id='word_1_103' title='bbox 1066 1366 1214 1449; x_wconf 91' lang='lat' dir='ltr'>margine</span> <span class='ocrx_word' id='word_1_104' title='bbox 1246 1367 1397 1451; x_wconf 89' lang='lat' dir='ltr'>apposita</span> <span class='ocrx_word' id='word_1_105' title='bbox 1425 1365 1652 1449; x_wconf 88' lang='lat' dir='ltr'>inscriptione:</span> <span class='ocrx_word' id='word_1_106' title='bbox 1681 1362 1810 1429; x_wconf 75' lang='lat' dir='ltr'>Sidonii</span> <span class='ocrx_word' id='word_1_107' title='bbox 1834 1383 1943 1426; x_wconf 70' lang='grc'>555555</span> 
     </span>
     <span class='ocr_line' id='line_1_11' title="bbox 285 1467 1941 1557; baseline -0.001 -25"><span class='ocrx_word' id='word_1_108' title='bbox 285 1470 325 1533; x_wconf 84' lang='lat' dir='ltr'>de</span> <span class='ocrx_word' id='word_1_109' title='bbox 345 1470 508 1534; x_wconf 75' lang='lat' dir='ltr'>‹laodocim</span> <span class='ocrx_word' id='word_1_110' title='bbox 523 1472 766 1551; x_wconf 70' lang='lat' dir='ltr'>inmmrrtorilnas</span> <span class='ocrx_word' id='word_1_111' title='bbox 777 1471 947 1555; x_wconf 74' lang='grc'>1155555515)</span> <span class='ocrx_word' id='word_1_112' title='bbox 972 1476 1004 1535; x_wconf 91' lang='grc'>51</span> <span class='ocrx_word' id='word_1_113' title='bbox 1022 1471 1124 1557; x_wconf 93' lang='lat' dir='ltr'>ipsius</span> <span class='ocrx_word' id='word_1_114' title='bbox 1140 1469 1264 1535; x_wconf 82' lang='lat' dir='ltr'>Sidonii</span> <span class='ocrx_word' id='word_1_115' title='bbox 1282 1471 1542 1556; x_wconf 66' lang='lat' dir='ltr'>inscriptionem</span> <span class='ocrx_word' id='word_1_116' title='bbox 1566 1467 1941 1554; x_wconf 67' lang='grc'>15511551519-1621</span> 
     </span>
     <span class='ocr_line' id='line_1_12' title="bbox 286 1569 1941 1660; baseline -0.001 -25"><span class='ocrx_word' id='word_1_117' title='bbox 286 1571 414 1636; x_wconf 83' lang='lat' dir='ltr'>Sidonii</span> <span class='ocrx_word' id='word_1_118' title='bbox 436 1573 593 1658; x_wconf 79' lang='lat' dir='ltr'>epistulas</span> <span class='ocrx_word' id='word_1_119' title='bbox 617 1581 651 1637; x_wconf 91' lang='grc'>51</span> <span class='ocrx_word' id='word_1_120' title='bbox 673 1575 827 1653; x_wconf 89' lang='lat' dir='ltr'>earmina,</span> <span class='ocrx_word' id='word_1_121' title='bbox 850 1579 948 1660; x_wconf 90' lang='lat' dir='ltr'>atque</span> <span class='ocrx_word' id='word_1_122' title='bbox 971 1573 1053 1638; x_wconf 90' lang='lat' dir='ltr'>haec</span> <span class='ocrx_word' id='word_1_123' title='bbox 1076 1574 1217 1659; x_wconf 93' lang='lat' dir='ltr'>quidem,</span> <span class='ocrx_word' id='word_1_124' title='bbox 1240 1580 1277 1639; x_wconf 91' lang='lat' dir='ltr'>ut</span> <span class='ocrx_word' id='word_1_125' title='bbox 1293 1575 1431 1639; x_wconf 86' lang='lat' dir='ltr'>Ausonii</span> <span class='ocrx_word' id='word_1_126' title='bbox 1454 1596 1581 1654; x_wconf 86' lang='lat' dir='ltr'>versus,</span> <span class='ocrx_word' id='word_1_127' title='bbox 1606 1574 1737 1638; x_wconf 89' lang='lat' dir='ltr'>saeculo</span> <span class='ocrx_word' id='word_1_128' title='bbox 1761 1571 1793 1635; x_wconf 93' lang='lat' dir='ltr'>X</span> <span class='ocrx_word' id='word_1_129' title='bbox 1816 1572 1869 1635; x_wconf 91' lang='lat' dir='ltr'>vel</span> <span class='ocrx_word' id='word_1_130' title='bbox 1891 1569 1941 1633; x_wconf 90' lang='lat' dir='ltr'>XI</span> 
     </span>
     <span class='ocr_line' id='line_1_13' title="bbox 285 1673 1941 1764; baseline -0.001 -26"><span class='ocrx_word' id='word_1_131' title='bbox 285 1676 421 1739; x_wconf 86' lang='lat' dir='ltr'>ineunte</span> <span class='ocrx_word' id='word_1_132' title='bbox 449 1676 580 1761; x_wconf 90' lang='lat' dir='ltr'>scripta.</span> <span class='ocrx_word' id='word_1_133' title='bbox 634 1676 789 1743; x_wconf 90' lang='lat' dir='ltr'>Codicem</span> <span class='ocrx_word' id='word_1_134' title='bbox 818 1678 921 1764; x_wconf 90' lang='lat' dir='ltr'>primo</span> <span class='ocrx_word' id='word_1_135' title='bbox 950 1678 983 1740; x_wconf 92' lang='lat' dir='ltr'>in</span> <span class='ocrx_word' id='word_1_136' title='bbox 1012 1677 1175 1762; x_wconf 88' lang='lat' dir='ltr'>Hispania</span> <span class='ocrx_word' id='word_1_137' title='bbox 1205 1678 1388 1764; x_wconf 90' lang='lat' dir='ltr'>inspectum</span> <span class='ocrx_word' id='word_1_138' title='bbox 1420 1676 1638 1763; x_wconf 88' lang='lat' dir='ltr'>descripserat</span> <span class='ocrx_word' id='word_1_139' title='bbox 1664 1677 1789 1741; x_wconf 91' lang='lat' dir='ltr'>Paulus</span> <span class='ocrx_word' id='word_1_140' title='bbox 1816 1673 1941 1753; x_wconf 79' lang='lat' dir='ltr'>Elwald,</span> 
     </span>
     <span class='ocr_line' id='line_1_14' title="bbox 286 1779 1487 1865; baseline 0.002 -23"><span class='ocrx_word' id='word_1_141' title='bbox 286 1784 402 1863; x_wconf 88' lang='lat' dir='ltr'>postea</span> <span class='ocrx_word' id='word_1_142' title='bbox 423 1780 455 1843; x_wconf 92' lang='lat' dir='ltr'>in</span> <span class='ocrx_word' id='word_1_143' title='bbox 480 1779 691 1845; x_wconf 84' lang='lat' dir='ltr'>Germaniam</span> <span class='ocrx_word' id='word_1_144' title='bbox 714 1781 940 1845; x_wconf 88' lang='lat' dir='ltr'>transmissum</span> <span class='ocrx_word' id='word_1_145' title='bbox 964 1779 1110 1845; x_wconf 83' lang='lat' dir='ltr'>BeroIIni</span> <span class='ocrx_word' id='word_1_146' title='bbox 1133 1781 1203 1865; x_wconf 91' lang='lat' dir='ltr'>ipse</span> <span class='ocrx_word' id='word_1_147' title='bbox 1226 1788 1330 1846; x_wconf 91' lang='lat' dir='ltr'>totum</span> <span class='ocrx_word' id='word_1_148' title='bbox 1354 1781 1487 1845; x_wconf 90' lang='lat' dir='ltr'>contuli.</span> 
     </span>
    </p>

    <p class='ocr_par' dir='ltr' id='par_1_3' title="bbox 288 1882 1940 2359">
     <span class='ocr_line' id='line_1_15' title="bbox 395 1882 1939 1969; baseline -0.001 -23"><span class='ocrx_word' id='word_1_149' title='bbox 395 1882 503 1946; x_wconf 92' lang='lat' dir='ltr'>Huius</span> <span class='ocrx_word' id='word_1_150' title='bbox 530 1884 627 1968; x_wconf 92' lang='lat' dir='ltr'>plane</span> <span class='ocrx_word' id='word_1_151' title='bbox 660 1886 819 1969; x_wconf 90' lang='lat' dir='ltr'>gemellus</span> <span class='ocrx_word' id='word_1_152' title='bbox 857 1892 908 1950; x_wconf 91' lang='lat' dir='ltr'>est</span> <span class='ocrx_word' id='word_1_153' title='bbox 941 1885 1021 1949; x_wconf 92' lang='lat' dir='ltr'>eod.</span> <span class='ocrx_word' id='word_1_154' title='bbox 1044 1885 1263 1949; x_wconf 86' lang='lat' dir='ltr'>Vaticanus</span> <span class='ocrx_word' id='word_1_155' title='bbox 1287 1887 1382 1949; x_wconf 79' lang='lat'>3421</span> <span class='ocrx_word' id='word_1_156' title='bbox 1408 1884 1677 1948; x_wconf 90' lang='lat' dir='ltr'>membranaceus</span> <span class='ocrx_word' id='word_1_157' title='bbox 1707 1883 1831 1946; x_wconf 82' lang='lat' dir='ltr'>lonnae</span> <span class='ocrx_word' id='word_1_158' title='bbox 1860 1901 1939 1966; x_wconf 91' lang='lat' dir='ltr'>qua-</span> 
     </span>
     <span class='ocr_line' id='line_1_16' title="bbox 290 1984 1939 2074; baseline 0.001 -27"><span class='ocrx_word' id='word_1_159' title='bbox 290 1984 405 2049; x_wconf 90' lang='lat' dir='ltr'>dratae</span> <span class='ocrx_word' id='word_1_160' title='bbox 437 1986 569 2049; x_wconf 88' lang='lat' dir='ltr'>saeculo</span> <span class='ocrx_word' id='word_1_161' title='bbox 591 1986 624 2050; x_wconf 88' lang='lat' dir='ltr'>X</span> <span class='ocrx_word' id='word_1_162' title='bbox 653 1989 723 2072; x_wconf 90' lang='lat' dir='ltr'>pari</span> <span class='ocrx_word' id='word_1_163' title='bbox 754 1989 919 2074; x_wconf 86' lang='lat' dir='ltr'>elegantia</span> <span class='ocrx_word' id='word_1_164' title='bbox 941 2008 1047 2073; x_wconf 90' lang='lat' dir='ltr'>neque</span> <span class='ocrx_word' id='word_1_165' title='bbox 1071 1993 1180 2052; x_wconf 89' lang='lat' dir='ltr'>tamen</span> <span class='ocrx_word' id='word_1_166' title='bbox 1204 1987 1319 2051; x_wconf 90' lang='lat' dir='ltr'>cadem</span> <span class='ocrx_word' id='word_1_167' title='bbox 1343 1986 1515 2071; x_wconf 85' lang='lat' dir='ltr'>diligentia</span> <span class='ocrx_word' id='word_1_168' title='bbox 1541 1992 1696 2050; x_wconf 86' lang='lat' dir='ltr'>exaratus</span> <span class='ocrx_word' id='word_1_169' title='bbox 1720 2006 1784 2070; x_wconf 90' lang='lat' dir='ltr'>qua</span> <span class='ocrx_word' id='word_1_170' title='bbox 1807 1984 1939 2049; x_wconf 91' lang='lat' dir='ltr'>Clunia-</span> 
     </span>
     <span class='ocr_line' id='line_1_17' title="bbox 289 2086 1940 2174; baseline 0.001 -24"><span class='ocrx_word' id='word_1_171' title='bbox 289 2087 405 2152; x_wconf 88' lang='lat' dir='ltr'>eensis.</span> <span class='ocrx_word' id='word_1_172' title='bbox 464 2086 603 2152; x_wconf 89' lang='lat' dir='ltr'>Constat</span> <span class='ocrx_word' id='word_1_173' title='bbox 630 2088 684 2156; x_wconf 90' lang='grc'>151.</span> <span class='ocrx_word' id='word_1_174' title='bbox 712 2092 787 2165; x_wconf 83' lang='grc'>153;</span> <span class='ocrx_word' id='word_1_175' title='bbox 825 2096 858 2154; x_wconf 88' lang='grc'>51</span> <span class='ocrx_word' id='word_1_176' title='bbox 887 2091 1033 2154; x_wconf 88' lang='grc'>55511551</span> <span class='ocrx_word' id='word_1_177' title='bbox 1061 2090 1116 2153; x_wconf 90' lang='grc'>151.</span> <span class='ocrx_word' id='word_1_178' title='bbox 1143 2092 1176 2150; x_wconf 77' lang='grc'>1·</span> <span class='ocrx_word' id='word_1_179' title='bbox 1197 2089 1336 2154; x_wconf 86' lang='grc' dir='ltr'>Α555511</span> <span class='ocrx_word' id='word_1_180' title='bbox 1366 2089 1407 2153; x_wconf 88' lang='grc'>15</span> <span class='ocrx_word' id='word_1_181' title='bbox 1432 2087 1630 2153; x_wconf 82' lang='lat' dir='ltr'>Caesaribus</span> <span class='ocrx_word' id='word_1_182' title='bbox 1656 2109 1772 2153; x_wconf 82' lang='lat' dir='ltr'>versus</span> <span class='ocrx_word' id='word_1_183' title='bbox 1796 2094 1940 2174; x_wconf 88' lang='lat' dir='ltr'>septem·</span> 
     </span>
     <span class='ocr_line' id='line_1_18' title="bbox 288 2189 1938 2281; baseline 0.001 -27"><span class='ocrx_word' id='word_1_184' title='bbox 288 2190 405 2269; x_wconf 89' lang='lat' dir='ltr'>decim,</span> <span class='ocrx_word' id='word_1_185' title='bbox 430 2191 487 2253; x_wconf 90' lang='grc'>151.</span> <span class='ocrx_word' id='word_1_186' title='bbox 515 2189 675 2256; x_wconf 59' lang='grc'>11-158·</span> <span class='ocrx_word' id='word_1_187' title='bbox 699 2192 824 2258; x_wconf 86' lang='lat' dir='ltr'>Sidonii</span> <span class='ocrx_word' id='word_1_188' title='bbox 849 2196 1008 2281; x_wconf 86' lang='lat' dir='ltr'>epistulas</span> <span class='ocrx_word' id='word_1_189' title='bbox 1031 2200 1065 2258; x_wconf 90' lang='grc'>51</span> <span class='ocrx_word' id='word_1_190' title='bbox 1088 2194 1241 2274; x_wconf 91' lang='lat' dir='ltr'>earmina,</span> <span class='ocrx_word' id='word_1_191' title='bbox 1267 2193 1321 2257; x_wconf 89' lang='grc'>151.</span> <span class='ocrx_word' id='word_1_192' title='bbox 1342 2192 1524 2257; x_wconf 68' lang='lat' dir='ltr'>raab-163</span> <span class='ocrx_word' id='word_1_193' title='bbox 1549 2197 1709 2257; x_wconf 90' lang='lat' dir='ltr'>tractatus</span> <span class='ocrx_word' id='word_1_194' title='bbox 1724 2189 1938 2255; x_wconf 89' lang='lat' dir='ltr'>Christianos.</span> 
     </span>
     <span class='ocr_line' id='line_1_19' title="bbox 289 2292 714 2359; baseline 0.009 -4"><span class='ocrx_word' id='word_1_195' title='bbox 289 2292 408 2357; x_wconf 83' lang='lat' dir='ltr'>Totum</span> <span class='ocrx_word' id='word_1_196' title='bbox 432 2295 554 2357; x_wconf 86' lang='lat' dir='ltr'>contuli</span> <span class='ocrx_word' id='word_1_197' title='bbox 577 2294 714 2359; x_wconf 92' lang='lat' dir='ltr'>Romae.</span> 
     </span>
    </p>

    <p class='ocr_par' dir='ltr' id='par_1_4' title="bbox 287 2395 1941 3100">
     <span class='ocr_line' id='line_1_20' title="bbox 399 2395 1941 2484; baseline -0.001 -23"><span class='ocrx_word' id='word_1_198' title='bbox 399 2396 551 2484; x_wconf 89' lang='lat' dir='ltr'>Denique</span> <span class='ocrx_word' id='word_1_199' title='bbox 573 2399 654 2463; x_wconf 91' lang='lat' dir='ltr'>cod.</span> <span class='ocrx_word' id='word_1_200' title='bbox 676 2399 888 2464; x_wconf 89' lang='lat' dir='ltr'>Parisinus</span> <span class='ocrx_word' id='word_1_201' title='bbox 912 2402 1007 2465; x_wconf 81' lang='grc'>21118</span> <span class='ocrx_word' id='word_1_202' title='bbox 1031 2400 1303 2464; x_wconf 88' lang='lat' dir='ltr'>membranaceus</span> <span class='ocrx_word' id='word_1_203' title='bbox 1325 2398 1448 2464; x_wconf 82' lang='lat' dir='ltr'>formae</span> <span class='ocrx_word' id='word_1_204' title='bbox 1471 2405 1606 2464; x_wconf 86' lang='lat' dir='ltr'>octavae</span> <span class='ocrx_word' id='word_1_205' title='bbox 1626 2399 1758 2464; x_wconf 88' lang='lat' dir='ltr'>saeculo</span> <span class='ocrx_word' id='word_1_206' title='bbox 1774 2397 1806 2461; x_wconf 93' lang='lat' dir='ltr'>X</span> <span class='ocrx_word' id='word_1_207' title='bbox 1822 2397 1875 2461; x_wconf 83' lang='lat' dir='ltr'>rel</span> <span class='ocrx_word' id='word_1_208' title='bbox 1890 2395 1941 2459; x_wconf 91' lang='lat' dir='ltr'>XI</span> 
     </span>
     <span class='ocr_line' id='line_1_21' title="bbox 288 2499 1939 2590; baseline 0.001 -27"><span class='ocrx_word' id='word_1_209' title='bbox 288 2521 330 2563; x_wconf 84' lang='lat' dir='ltr'>cx</span> <span class='ocrx_word' id='word_1_210' title='bbox 353 2499 470 2565; x_wconf 90' lang='lat' dir='ltr'>codem</span> <span class='ocrx_word' id='word_1_211' title='bbox 499 2522 562 2587; x_wconf 94' lang='lat' dir='ltr'>quo</span> <span class='ocrx_word' id='word_1_212' title='bbox 587 2501 814 2569; x_wconf 86' lang='lat' dir='ltr'>Cluniacensis</span> <span class='ocrx_word' id='word_1_213' title='bbox 838 2510 872 2568; x_wconf 90' lang='lat' dir='ltr'>et</span> <span class='ocrx_word' id='word_1_214' title='bbox 887 2505 1067 2570; x_wconf 89' lang='lat' dir='ltr'>Vaticanus</span> <span class='ocrx_word' id='word_1_215' title='bbox 1090 2506 1169 2568; x_wconf 81' lang='grc'>3421</span> <span class='ocrx_word' id='word_1_216' title='bbox 1199 2504 1376 2590; x_wconf 84' lang='lat' dir='ltr'>archetypo</span> <span class='ocrx_word' id='word_1_217' title='bbox 1405 2502 1598 2568; x_wconf 90' lang='lat' dir='ltr'>nitidissime</span> <span class='ocrx_word' id='word_1_218' title='bbox 1627 2501 1843 2588; x_wconf 88' lang='lat' dir='ltr'>transcriptus</span> <span class='ocrx_word' id='word_1_219' title='bbox 1873 2505 1939 2564; x_wconf 89' lang='lat' dir='ltr'>est:</span> 
     </span>
     <span class='ocr_line' id='line_1_22' title="bbox 287 2601 1939 2693; baseline 0.002 -28"><span class='ocrx_word' id='word_1_220' title='bbox 287 2603 369 2667; x_wconf 91' lang='lat' dir='ltr'>adeo</span> <span class='ocrx_word' id='word_1_221' title='bbox 391 2604 562 2669; x_wconf 78' lang='lat' dir='ltr'>uocabulis</span> <span class='ocrx_word' id='word_1_222' title='bbox 591 2613 648 2670; x_wconf 90' lang='lat' dir='ltr'>aut</span> <span class='ocrx_word' id='word_1_223' title='bbox 679 2607 865 2693; x_wconf 86' lang='lat' dir='ltr'>depravatis</span> <span class='ocrx_word' id='word_1_224' title='bbox 895 2616 951 2673; x_wconf 92' lang='lat' dir='ltr'>aut</span> <span class='ocrx_word' id='word_1_225' title='bbox 978 2609 1108 2673; x_wconf 93' lang='lat' dir='ltr'>omissis</span> <span class='ocrx_word' id='word_1_226' title='bbox 1140 2613 1197 2671; x_wconf 92' lang='lat' dir='ltr'>aut</span> <span class='ocrx_word' id='word_1_227' title='bbox 1219 2608 1427 2692; x_wconf 91' lang='lat' dir='ltr'>transpositis</span> <span class='ocrx_word' id='word_1_228' title='bbox 1451 2607 1615 2672; x_wconf 89' lang='lat' dir='ltr'>consentit</span> <span class='ocrx_word' id='word_1_229' title='bbox 1637 2627 1709 2669; x_wconf 91' lang='lat' dir='ltr'>cum</span> <span class='ocrx_word' id='word_1_230' title='bbox 1731 2605 1804 2668; x_wconf 91' lang='lat' dir='ltr'>illis.</span> <span class='ocrx_word' id='word_1_231' title='bbox 1852 2601 1939 2668; x_wconf 90' lang='lat' dir='ltr'>Con-</span> 
     </span>
     <span class='ocr_line' id='line_1_23' title="bbox 287 2706 1941 2795; baseline 0.001 -27"><span class='ocrx_word' id='word_1_232' title='bbox 287 2711 351 2769; x_wconf 90' lang='lat' dir='ltr'>stat</span> <span class='ocrx_word' id='word_1_233' title='bbox 375 2706 430 2770; x_wconf 92' lang='grc'>151.</span> <span class='ocrx_word' id='word_1_234' title='bbox 448 2708 488 2771; x_wconf 83' lang='grc'>48</span> <span class='ocrx_word' id='word_1_235' title='bbox 512 2728 619 2793; x_wconf 90' lang='lat' dir='ltr'>neque</span> <span class='ocrx_word' id='word_1_236' title='bbox 643 2709 708 2774; x_wconf 91' lang='lat' dir='ltr'>iam</span> <span class='ocrx_word' id='word_1_237' title='bbox 724 2717 828 2775; x_wconf 93' lang='lat' dir='ltr'>totum</span> <span class='ocrx_word' id='word_1_238' title='bbox 845 2710 1015 2777; x_wconf 86' lang='lat' dir='ltr'>Sidonium</span> <span class='ocrx_word' id='word_1_239' title='bbox 1032 2712 1193 2785; x_wconf 89' lang='lat' dir='ltr'>continet;</span> <span class='ocrx_word' id='word_1_240' title='bbox 1217 2711 1338 2775; x_wconf 91' lang='lat' dir='ltr'>desinit</span> <span class='ocrx_word' id='word_1_241' title='bbox 1353 2712 1439 2774; x_wconf 93' lang='lat' dir='ltr'>enim</span> <span class='ocrx_word' id='word_1_242' title='bbox 1455 2711 1488 2773; x_wconf 94' lang='lat' dir='ltr'>in</span> <span class='ocrx_word' id='word_1_243' title='bbox 1505 2710 1666 2795; x_wconf 88' lang='lat' dir='ltr'>epistulae</span> <span class='ocrx_word' id='word_1_244' title='bbox 1682 2709 1703 2772; x_wconf 91' lang='lat' dir='ltr'>l.</span> <span class='ocrx_word' id='word_1_245' title='bbox 1714 2707 1823 2789; x_wconf 82' lang='lat' dir='ltr'>VII,2</span> <span class='ocrx_word' id='word_1_246' title='bbox 1839 2707 1941 2771; x_wconf 85' lang='lat' dir='ltr'>verba</span> 
     </span>
     <span class='ocr_line' id='line_1_24' title="bbox 287 2811 1940 2898; baseline 0.002 -27"><span class='ocrx_word' id='word_1_247' title='bbox 287 2829 317 2893; x_wconf 95' lang='lat' dir='ltr'>p.</span> <span class='ocrx_word' id='word_1_248' title='bbox 340 2813 457 2890; x_wconf 84' lang='grc'>195,1;</span> <span class='ocrx_word' id='word_1_249' title='bbox 480 2831 563 2891; x_wconf 82' lang='lat' dir='ltr'>qaae</span> <span class='ocrx_word' id='word_1_250' title='bbox 585 2816 690 2876; x_wconf 81' lang='grc'>155555</span> <span class='ocrx_word' id='word_1_251' title='bbox 710 2819 748 2876; x_wconf 80' lang='lat' dir='ltr'>at</span> <span class='ocrx_word' id='word_1_252' title='bbox 768 2819 856 2897; x_wconf 73' lang='lat' dir='ltr'>qesta</span> <span class='ocrx_word' id='word_1_253' title='bbox 878 2820 954 2879; x_wconf 80' lang='lat' dir='ltr'>sunt</span> <span class='ocrx_word' id='word_1_254' title='bbox 975 2816 1006 2879; x_wconf 85' lang='lat' dir='ltr'>si</span> <span class='ocrx_word' id='word_1_255' title='bbox 1024 2815 1185 2896; x_wconf 78' lang='lat' dir='ltr'>quispiam</span> <span class='ocrx_word' id='word_1_256' title='bbox 1207 2815 1331 2897; x_wconf 70' lang='lat' dir='ltr'>dignm.</span> <span class='ocrx_word' id='word_1_257' title='bbox 1378 2813 1444 2878; x_wconf 84' lang='lat' dir='ltr'>Sed</span> <span class='ocrx_word' id='word_1_258' title='bbox 1467 2834 1541 2877; x_wconf 91' lang='lat' dir='ltr'>cum</span> <span class='ocrx_word' id='word_1_259' title='bbox 1565 2813 1598 2875; x_wconf 91' lang='lat' dir='ltr'>in</span> <span class='ocrx_word' id='word_1_260' title='bbox 1621 2813 1687 2876; x_wconf 94' lang='lat' dir='ltr'>ima</span> <span class='ocrx_word' id='word_1_261' title='bbox 1709 2811 1828 2898; x_wconf 89' lang='lat' dir='ltr'>pagina</span> <span class='ocrx_word' id='word_1_262' title='bbox 1851 2811 1940 2874; x_wconf 92' lang='lat' dir='ltr'>nullo</span> 
     </span>
     <span class='ocr_line' id='line_1_25' title="bbox 289 2913 1939 3003; baseline 0.004 -30"><span class='ocrx_word' id='word_1_263' title='bbox 289 2913 393 2997; x_wconf 88' lang='lat' dir='ltr'>spatio</span> <span class='ocrx_word' id='word_1_264' title='bbox 418 2913 533 2977; x_wconf 88' lang='lat' dir='ltr'>relicto</span> <span class='ocrx_word' id='word_1_265' title='bbox 557 2914 696 2997; x_wconf 89' lang='lat' dir='ltr'>deficiat,</span> <span class='ocrx_word' id='word_1_266' title='bbox 720 2917 931 2982; x_wconf 82' lang='lat' dir='ltr'>manifestum</span> <span class='ocrx_word' id='word_1_267' title='bbox 949 2922 1000 2983; x_wconf 87' lang='lat' dir='ltr'>est</span> <span class='ocrx_word' id='word_1_268' title='bbox 1015 2925 1126 2983; x_wconf 89' lang='lat' dir='ltr'>cetera</span> <span class='ocrx_word' id='word_1_269' title='bbox 1142 2916 1410 3003; x_wconf 90' lang='lat' dir='ltr'>quaternionibus</span> <span class='ocrx_word' id='word_1_270' title='bbox 1427 2916 1552 3002; x_wconf 92' lang='lat' dir='ltr'>aliquot</span> <span class='ocrx_word' id='word_1_271' title='bbox 1567 2915 1744 3001; x_wconf 89' lang='lat' dir='ltr'>deperditis</span> <span class='ocrx_word' id='word_1_272' title='bbox 1765 2915 1939 2979; x_wconf 90' lang='lat' dir='ltr'>interiisse.</span> 
     </span>
     <span class='ocr_line' id='line_1_26' title="bbox 287 3013 590 3100; baseline 0.023 -25"><span class='ocrx_word' id='word_1_273' title='bbox 287 3013 420 3100; x_wconf 85' lang='lat' dir='ltr'>Inspexi</span> <span class='ocrx_word' id='word_1_274' title='bbox 442 3015 590 3083; x_wconf 89' lang='lat' dir='ltr'>Parisiis.</span> 
     </span>
    </p>

    <p class='ocr_par' dir='ltr' id='par_1_5' title="bbox 290 3119 1941 3701">
     <span class='ocr_line' id='line_1_27' title="bbox 396 3119 1939 3209; baseline 0.001 -27"><span class='ocrx_word' id='word_1_275' title='bbox 396 3119 578 3184; x_wconf 86' lang='lat' dir='ltr'>Alterius</span> <span class='ocrx_word' id='word_1_276' title='bbox 601 3124 799 3189; x_wconf 81' lang='lat' dir='ltr'>familiae</span> <span class='ocrx_word' id='word_1_277' title='bbox 823 3125 955 3190; x_wconf 88' lang='lat' dir='ltr'>codices</span> <span class='ocrx_word' id='word_1_278' title='bbox 978 3147 1092 3191; x_wconf 90' lang='lat' dir='ltr'>omnes</span> <span class='ocrx_word' id='word_1_279' title='bbox 1116 3126 1280 3190; x_wconf 89' lang='lat' dir='ltr'>turbatum</span> <span class='ocrx_word' id='word_1_280' title='bbox 1304 3128 1337 3191; x_wconf 94' lang='lat' dir='ltr'>in</span> <span class='ocrx_word' id='word_1_281' title='bbox 1361 3127 1382 3190; x_wconf 96' lang='grc'>1.</span> <span class='ocrx_word' id='word_1_282' title='bbox 1397 3125 1446 3189; x_wconf 93' lang='lat' dir='ltr'>VI</span> <span class='ocrx_word' id='word_1_283' title='bbox 1469 3130 1503 3190; x_wconf 94' lang='grc'>51</span> <span class='ocrx_word' id='word_1_284' title='bbox 1516 3123 1582 3189; x_wconf 91' lang='lat' dir='ltr'>VII</span> <span class='ocrx_word' id='word_1_285' title='bbox 1612 3122 1825 3209; x_wconf 90' lang='lat' dir='ltr'>epistularum</span> <span class='ocrx_word' id='word_1_286' title='bbox 1853 3121 1939 3185; x_wconf 93' lang='lat' dir='ltr'>ordi-</span> 
     </span>
     <span class='ocr_line' id='line_1_28' title="bbox 291 3222 1940 3315; baseline 0.003 -32"><span class='ocrx_word' id='word_1_287' title='bbox 291 3240 362 3284; x_wconf 89' lang='lat' dir='ltr'>nem</span> <span class='ocrx_word' id='word_1_288' title='bbox 386 3222 518 3288; x_wconf 88' lang='lat' dir='ltr'>habent.</span> <span class='ocrx_word' id='word_1_289' title='bbox 563 3224 714 3311; x_wconf 88' lang='lat' dir='ltr'>Namque</span> <span class='ocrx_word' id='word_1_290' title='bbox 738 3228 771 3291; x_wconf 91' lang='lat' dir='ltr'>in</span> <span class='ocrx_word' id='word_1_291' title='bbox 795 3249 846 3314; x_wconf 92' lang='lat' dir='ltr'>ep.</span> <span class='ocrx_word' id='word_1_292' title='bbox 864 3229 886 3291; x_wconf 89' lang='lat' dir='ltr'>l.</span> <span class='ocrx_word' id='word_1_293' title='bbox 903 3229 970 3294; x_wconf 91' lang='lat' dir='ltr'>VII</span> <span class='ocrx_word' id='word_1_294' title='bbox 994 3230 1168 3315; x_wconf 89' lang='lat' dir='ltr'>epistulam</span> <span class='ocrx_word' id='word_1_295' title='bbox 1184 3230 1357 3315; x_wconf 91' lang='lat' dir='ltr'>septimam</span> <span class='ocrx_word' id='word_1_296' title='bbox 1376 3229 1500 3315; x_wconf 84' lang='lat' dir='ltr'>excipit</span> <span class='ocrx_word' id='word_1_297' title='bbox 1515 3226 1725 3302; x_wconf 88' lang='lat' dir='ltr'>duodecima;</span> <span class='ocrx_word' id='word_1_298' title='bbox 1748 3233 1817 3290; x_wconf 91' lang='lat' dir='ltr'>tum</span> <span class='ocrx_word' id='word_1_299' title='bbox 1839 3224 1940 3288; x_wconf 91' lang='lat' dir='ltr'>inter·</span> 
     </span>
     <span class='ocr_line' id='line_1_29' title="bbox 291 3325 1941 3419; baseline 0.001 -32"><span class='ocrx_word' id='word_1_300' title='bbox 291 3325 397 3408; x_wconf 88' lang='lat' dir='ltr'>posita</span> <span class='ocrx_word' id='word_1_301' title='bbox 421 3334 472 3390; x_wconf 92' lang='lat' dir='ltr'>est</span> <span class='ocrx_word' id='word_1_302' title='bbox 495 3348 580 3413; x_wconf 91' lang='lat' dir='ltr'>quae</span> <span class='ocrx_word' id='word_1_303' title='bbox 603 3351 660 3394; x_wconf 94' lang='lat' dir='ltr'>suo</span> <span class='ocrx_word' id='word_1_304' title='bbox 684 3331 757 3395; x_wconf 87' lang='lat' dir='ltr'>loeo</span> <span class='ocrx_word' id='word_1_305' title='bbox 785 3352 850 3395; x_wconf 94' lang='lat' dir='ltr'>non</span> <span class='ocrx_word' id='word_1_306' title='bbox 873 3332 992 3418; x_wconf 89' lang='lat' dir='ltr'>legitur</span> <span class='ocrx_word' id='word_1_307' title='bbox 1015 3354 1066 3419; x_wconf 91' lang='lat' dir='ltr'>ep.</span> <span class='ocrx_word' id='word_1_308' title='bbox 1091 3334 1114 3397; x_wconf 89' lang='lat' dir='ltr'>l.</span> <span class='ocrx_word' id='word_1_309' title='bbox 1131 3333 1190 3413; x_wconf 95' lang='lat' dir='ltr'>VI,</span> <span class='ocrx_word' id='word_1_310' title='bbox 1218 3338 1272 3408; x_wconf 91' lang='grc'>11;</span> <span class='ocrx_word' id='word_1_311' title='bbox 1306 3332 1390 3398; x_wconf 92' lang='lat' dir='ltr'>hanc</span> <span class='ocrx_word' id='word_1_312' title='bbox 1415 3333 1661 3417; x_wconf 89' lang='lat' dir='ltr'>subsequuntur</span> <span class='ocrx_word' id='word_1_313' title='bbox 1683 3335 1813 3394; x_wconf 88' lang='lat' dir='ltr'>ceterae</span> <span class='ocrx_word' id='word_1_314' title='bbox 1836 3329 1858 3391; x_wconf 96' lang='grc'>1.</span> <span class='ocrx_word' id='word_1_315' title='bbox 1874 3325 1941 3391; x_wconf 90' lang='lat' dir='ltr'>VII</span> 
     </span>
     <span class='ocr_line' id='line_1_30' title="bbox 293 3430 1938 3521; baseline 0.002 -30"><span class='ocrx_word' id='word_1_316' title='bbox 293 3430 467 3513; x_wconf 84' lang='lat' dir='ltr'>epistulae,</span> <span class='ocrx_word' id='word_1_317' title='bbox 498 3432 557 3496; x_wconf 91' lang='lat' dir='ltr'>sed</span> <span class='ocrx_word' id='word_1_318' title='bbox 588 3433 652 3513; x_wconf 93' lang='lat' dir='ltr'>ita,</span> <span class='ocrx_word' id='word_1_319' title='bbox 684 3439 721 3497; x_wconf 94' lang='lat' dir='ltr'>ut</span> <span class='ocrx_word' id='word_1_320' title='bbox 741 3434 876 3499; x_wconf 91' lang='lat' dir='ltr'>decima</span> <span class='ocrx_word' id='word_1_321' title='bbox 910 3442 986 3521; x_wconf 91' lang='lat' dir='ltr'>post</span> <span class='ocrx_word' id='word_1_322' title='bbox 1020 3436 1226 3501; x_wconf 87' lang='lat' dir='ltr'>undecimam</span> <span class='ocrx_word' id='word_1_323' title='bbox 1260 3437 1422 3501; x_wconf 89' lang='lat' dir='ltr'>translata</span> <span class='ocrx_word' id='word_1_324' title='bbox 1448 3436 1498 3499; x_wconf 91' lang='lat' dir='ltr'>sit.</span> <span class='ocrx_word' id='word_1_325' title='bbox 1543 3434 1670 3498; x_wconf 91' lang='lat' dir='ltr'>Horum</span> <span class='ocrx_word' id='word_1_326' title='bbox 1693 3432 1840 3496; x_wconf 88' lang='lat' dir='ltr'>codicum</span> <span class='ocrx_word' id='word_1_327' title='bbox 1864 3450 1938 3515; x_wconf 91' lang='lat' dir='ltr'>pars</span> 
     </span>
     <span class='ocr_line' id='line_1_31' title="bbox 290 3533 1939 3627; baseline 0.002 -33"><span class='ocrx_word' id='word_1_328' title='bbox 290 3538 392 3597; x_wconf 88' lang='lat' dir='ltr'>totum</span> <span class='ocrx_word' id='word_1_329' title='bbox 416 3533 601 3616; x_wconf 85' lang='lat' dir='ltr'>Sidonium,</span> <span class='ocrx_word' id='word_1_330' title='bbox 633 3559 709 3623; x_wconf 91' lang='lat' dir='ltr'>pars</span> <span class='ocrx_word' id='word_1_331' title='bbox 739 3545 870 3624; x_wconf 89' lang='lat' dir='ltr'>praeter</span> <span class='ocrx_word' id='word_1_332' title='bbox 898 3541 1057 3627; x_wconf 87' lang='lat' dir='ltr'>epistulas</span> <span class='ocrx_word' id='word_1_333' title='bbox 1087 3541 1212 3625; x_wconf 86' lang='lat' dir='ltr'>aliquot</span> <span class='ocrx_word' id='word_1_334' title='bbox 1233 3546 1361 3605; x_wconf 91' lang='lat' dir='ltr'>tantum</span> <span class='ocrx_word' id='word_1_335' title='bbox 1386 3539 1545 3619; x_wconf 89' lang='lat' dir='ltr'>earmina,</span> <span class='ocrx_word' id='word_1_336' title='bbox 1569 3558 1646 3623; x_wconf 90' lang='lat' dir='ltr'>pars</span> <span class='ocrx_word' id='word_1_337' title='bbox 1670 3535 1757 3601; x_wconf 88' lang='lat' dir='ltr'>solas</span> <span class='ocrx_word' id='word_1_338' title='bbox 1782 3533 1939 3622; x_wconf 90' lang='lat' dir='ltr'>epistulas</span> 
     </span>
     <span class='ocr_line' id='line_1_32' title="bbox 290 3635 434 3701; baseline 0.021 -4"><span class='ocrx_word' id='word_1_339' title='bbox 290 3635 434 3701; x_wconf 83' lang='lat' dir='ltr'>exhibet.</span> 
     </span>
    </p>

    <p class='ocr_par' dir='ltr' id='par_1_6' title="bbox 291 3735 2004 4320">
     <span class='ocr_line' id='line_1_33' title="bbox 396 3735 2004 3832; baseline 0.003 -31"><span class='ocrx_word' id='word_1_340' title='bbox 396 3738 507 3824; x_wconf 86' lang='lat' dir='ltr'>Atque</span> <span class='ocrx_word' id='word_1_341' title='bbox 532 3742 660 3822; x_wconf 83' lang='lat' dir='ltr'>exeis,</span> <span class='ocrx_word' id='word_1_342' title='bbox 685 3743 739 3827; x_wconf 91' lang='lat' dir='ltr'>qui</span> <span class='ocrx_word' id='word_1_343' title='bbox 761 3745 868 3808; x_wconf 92' lang='lat' dir='ltr'>omnia</span> <span class='ocrx_word' id='word_1_344' title='bbox 891 3744 1018 3809; x_wconf 80' lang='lat' dir='ltr'>Sidonii</span> <span class='ocrx_word' id='word_1_345' title='bbox 1042 3745 1166 3831; x_wconf 89' lang='lat' dir='ltr'>scripta</span> <span class='ocrx_word' id='word_1_346' title='bbox 1188 3745 1449 3832; x_wconf 88' lang='lat' dir='ltr'>complectuntur</span> <span class='ocrx_word' id='word_1_347' title='bbox 1477 3744 1600 3830; x_wconf 86' lang='lat' dir='ltr'>primus</span> <span class='ocrx_word' id='word_1_348' title='bbox 1632 3743 1694 3806; x_wconf 89' lang='lat' dir='ltr'>erit</span> <span class='ocrx_word' id='word_1_349' title='bbox 1720 3741 1804 3806; x_wconf 91' lang='lat' dir='ltr'>eod.</span> <span class='ocrx_word' id='word_1_350' title='bbox 1826 3740 1938 3805; x_wconf 91' lang='lat' dir='ltr'>Pari·</span> <span class='ocrx_word' id='word_1_351' title='bbox 1966 3735 2004 3806; x_wconf 86' lang='lat' dir='ltr'><em>F</em></span> 
     </span>
     <span class='ocr_line' id='line_1_34' title="bbox 291 3839 1940 3939; baseline 0.002 -39"><span class='ocrx_word' id='word_1_352' title='bbox 291 3839 400 3904; x_wconf 91' lang='lat' dir='ltr'>sinus</span> <span class='ocrx_word' id='word_1_353' title='bbox 423 3843 518 3905; x_wconf 82' lang='lat'>9551</span> <span class='ocrx_word' id='word_1_354' title='bbox 558 3844 829 3911; x_wconf 87' lang='lat' dir='ltr'>membranaceus</span> <span class='ocrx_word' id='word_1_355' title='bbox 863 3847 987 3912; x_wconf 80' lang='lat' dir='ltr'>formae</span> <span class='ocrx_word' id='word_1_356' title='bbox 1022 3849 1185 3912; x_wconf 83' lang='lat' dir='ltr'>maximae</span> <span class='ocrx_word' id='word_1_357' title='bbox 1220 3848 1352 3913; x_wconf 90' lang='lat' dir='ltr'>saeculo</span> <span class='ocrx_word' id='word_1_358' title='bbox 1381 3845 1449 3939; x_wconf 89' lang='lat' dir='ltr'>XII</span> <span class='ocrx_word' id='word_1_359' title='bbox 1483 3851 1626 3911; x_wconf 81' lang='lat' dir='ltr'>exeunte</span> <span class='ocrx_word' id='word_1_360' title='bbox 1657 3845 1736 3908; x_wconf 90' lang='lat' dir='ltr'>satis</span> <span class='ocrx_word' id='word_1_361' title='bbox 1766 3842 1940 3926; x_wconf 89' lang='lat' dir='ltr'>diligenter</span> 
     </span>
     <span class='ocr_line' id='line_1_35' title="bbox 292 3944 1940 4038; baseline 0.001 -34"><span class='ocrx_word' id='word_1_362' title='bbox 292 3944 441 4029; x_wconf 89' lang='lat' dir='ltr'>scriptus.</span> <span class='ocrx_word' id='word_1_363' title='bbox 485 3947 622 4011; x_wconf 89' lang='lat' dir='ltr'>Praeter</span> <span class='ocrx_word' id='word_1_364' title='bbox 644 3950 756 4013; x_wconf 90' lang='lat' dir='ltr'>turbas</span> <span class='ocrx_word' id='word_1_365' title='bbox 779 3950 855 4014; x_wconf 91' lang='lat' dir='ltr'>huic</span> <span class='ocrx_word' id='word_1_366' title='bbox 877 3953 989 4035; x_wconf 89' lang='lat' dir='ltr'>generi</span> <span class='ocrx_word' id='word_1_367' title='bbox 1022 3973 1211 4021; x_wconf 84' lang='lat' dir='ltr'>communes</span> <span class='ocrx_word' id='word_1_368' title='bbox 1241 3953 1274 4015; x_wconf 94' lang='lat' dir='ltr'>in</span> <span class='ocrx_word' id='word_1_369' title='bbox 1307 3973 1358 4038; x_wconf 92' lang='lat' dir='ltr'>ep.</span> <span class='ocrx_word' id='word_1_370' title='bbox 1381 3952 1402 4015; x_wconf 91' lang='lat' dir='ltr'>l.</span> <span class='ocrx_word' id='word_1_371' title='bbox 1419 3951 1451 4016; x_wconf 89' lang='lat' dir='ltr'>V</span> <span class='ocrx_word' id='word_1_372' title='bbox 1474 3951 1615 4038; x_wconf 90' lang='lat' dir='ltr'>epistula</span> <span class='ocrx_word' id='word_1_373' title='bbox 1646 3946 1837 4012; x_wconf 89' lang='lat' dir='ltr'>duodecima</span> <span class='ocrx_word' id='word_1_374' title='bbox 1862 3949 1940 4029; x_wconf 91' lang='lat' dir='ltr'>post</span> 
     </span>
     <span class='ocr_line' id='line_1_36' title="bbox 291 4044 1937 4141; baseline -0.001 -31"><span class='ocrx_word' id='word_1_375' title='bbox 291 4049 419 4112; x_wconf 88' lang='lat' dir='ltr'>tertiam</span> <span class='ocrx_word' id='word_1_376' title='bbox 443 4048 615 4130; x_wconf 89' lang='lat' dir='ltr'>decimam,</span> <span class='ocrx_word' id='word_1_377' title='bbox 638 4052 671 4114; x_wconf 91' lang='lat' dir='ltr'>in</span> <span class='ocrx_word' id='word_1_378' title='bbox 695 4072 746 4138; x_wconf 89' lang='lat' dir='ltr'>ep.</span> <span class='ocrx_word' id='word_1_379' title='bbox 770 4052 791 4116; x_wconf 91' lang='lat' dir='ltr'>l.</span> <span class='ocrx_word' id='word_1_380' title='bbox 808 4052 893 4117; x_wconf 89' lang='lat' dir='ltr'>VIII</span> <span class='ocrx_word' id='word_1_381' title='bbox 916 4055 1056 4140; x_wconf 90' lang='lat' dir='ltr'>epistula</span> <span class='ocrx_word' id='word_1_382' title='bbox 1077 4056 1184 4140; x_wconf 90' lang='lat' dir='ltr'>prima</span> <span class='ocrx_word' id='word_1_383' title='bbox 1206 4059 1280 4141; x_wconf 91' lang='lat' dir='ltr'>post</span> <span class='ocrx_word' id='word_1_384' title='bbox 1296 4053 1484 4133; x_wconf 87' lang='lat' dir='ltr'>secundam,</span> <span class='ocrx_word' id='word_1_385' title='bbox 1508 4074 1550 4116; x_wconf 84' lang='lat' dir='ltr'>ex</span> <span class='ocrx_word' id='word_1_386' title='bbox 1575 4050 1772 4116; x_wconf 81' lang='lat' dir='ltr'>carminibus</span> <span class='ocrx_word' id='word_1_387' title='bbox 1795 4046 1829 4111; x_wconf 91' lang='lat' dir='ltr'>id</span> <span class='ocrx_word' id='word_1_388' title='bbox 1851 4044 1937 4132; x_wconf 93' lang='lat' dir='ltr'>quod</span> 
     </span>
     <span class='ocr_line' id='line_1_37' title="bbox 291 4151 1937 4243; baseline -0.001 -29"><span class='ocrx_word' id='word_1_389' title='bbox 291 4151 438 4215; x_wconf 91' lang='lat' dir='ltr'>ultimum</span> <span class='ocrx_word' id='word_1_390' title='bbox 473 4161 525 4216; x_wconf 85' lang='grc'>551</span> <span class='ocrx_word' id='word_1_391' title='bbox 558 4159 631 4239; x_wconf 89' lang='lat' dir='ltr'>post</span> <span class='ocrx_word' id='word_1_392' title='bbox 665 4175 763 4218; x_wconf 88' lang='lat' dir='ltr'>carm.</span> <span class='ocrx_word' id='word_1_393' title='bbox 786 4154 870 4219; x_wconf 89' lang='lat' dir='ltr'>XXI</span> <span class='ocrx_word' id='word_1_394' title='bbox 900 4157 1154 4243; x_wconf 82' lang='lat' dir='ltr'>transmigravit.</span> <span class='ocrx_word' id='word_1_395' title='bbox 1211 4156 1365 4222; x_wconf 89' lang='lat' dir='ltr'>Codieem</span> <span class='ocrx_word' id='word_1_396' title='bbox 1397 4157 1430 4220; x_wconf 92' lang='lat' dir='ltr'>in</span> <span class='ocrx_word' id='word_1_397' title='bbox 1465 4155 1676 4220; x_wconf 85' lang='lat' dir='ltr'>Germaniam</span> <span class='ocrx_word' id='word_1_398' title='bbox 1710 4151 1937 4217; x_wconf 88' lang='lat' dir='ltr'>transmissum</span> 
     </span>
     <span class='ocr_line' id='line_1_38' title="bbox 291 4256 549 4320; baseline 0.016 -4"><span class='ocrx_word' id='word_1_399' title='bbox 291 4260 389 4319; x_wconf 89' lang='lat' dir='ltr'>totum</span> <span class='ocrx_word' id='word_1_400' title='bbox 415 4256 549 4320; x_wconf 91' lang='lat' dir='ltr'>contuli.</span> 
     </span>
    </p>
   </div>
   <div class='ocr_carea' id='block_1_3' title="bbox 288 4357 1937 5695">
    <p class='ocr_par' dir='ltr' id='par_1_7' title="bbox 288 4357 1937 4966">
     <span class='ocr_line' id='line_1_39' title="bbox 396 4357 1937 4448; baseline -0.001 -26"><span class='ocrx_word' id='word_1_401' title='bbox 396 4357 484 4422; x_wconf 91' lang='lat' dir='ltr'>Huic</span> <span class='ocrx_word' id='word_1_402' title='bbox 508 4358 614 4422; x_wconf 88' lang='grc'>5111515</span> <span class='ocrx_word' id='word_1_403' title='bbox 638 4365 687 4424; x_wconf 88' lang='grc'>551</span> <span class='ocrx_word' id='word_1_404' title='bbox 711 4360 790 4424; x_wconf 88' lang='grc'>551.</span> <span class='ocrx_word' id='word_1_405' title='bbox 806 4361 1037 4427; x_wconf 88' lang='lat' dir='ltr'>Vaticanus</span> <span class='ocrx_word' id='word_1_406' title='bbox 1060 4362 1238 4448; x_wconf 89' lang='lat' dir='ltr'>Reginae</span> <span class='ocrx_word' id='word_1_407' title='bbox 1262 4365 1333 4427; x_wconf 77' lang='lat'>203</span> <span class='ocrx_word' id='word_1_408' title='bbox 1357 4362 1627 4427; x_wconf 88' lang='lat' dir='ltr'>membranaceus</span> <span class='ocrx_word' id='word_1_409' title='bbox 1655 4359 1778 4423; x_wconf 85' lang='lat' dir='ltr'>formae</span> <span class='ocrx_word' id='word_1_410' title='bbox 1803 4363 1937 4422; x_wconf 81' lang='lat' dir='ltr'>octavae</span> 
     </span>
     <span class='ocr_line' id='line_1_40' title="bbox 290 4448 1936 4550; baseline 0.001 -27"><span class='ocrx_word' id='word_1_411' title='bbox 290 4462 420 4525; x_wconf 91' lang='lat' dir='ltr'>saeculo</span> <span class='ocrx_word' id='word_1_412' title='bbox 443 4460 511 4525; x_wconf 92' lang='lat' dir='ltr'>XII</span> <span class='ocrx_word' id='word_1_413' title='bbox 535 4462 705 4546; x_wconf 88' lang='lat' dir='ltr'>eleganter</span> <span class='ocrx_word' id='word_1_414' title='bbox 729 4465 884 4550; x_wconf 89' lang='lat' dir='ltr'>seriptus;</span> <span class='ocrx_word' id='word_1_415' title='bbox 914 4448 1236 4532; x_wconf 83' lang='grc'>55511551151107.</span> <span class='ocrx_word' id='word_1_416' title='bbox 1281 4466 1463 4531; x_wconf 85' lang='lat' dir='ltr'>Nemeum</span> <span class='ocrx_word' id='word_1_417' title='bbox 1487 4465 1634 4529; x_wconf 90' lang='lat' dir='ltr'>Parisino</span> <span class='ocrx_word' id='word_1_418' title='bbox 1658 4466 1739 4527; x_wconf 90' lang='grc'>9551</span> <span class='ocrx_word' id='word_1_419' title='bbox 1766 4469 1800 4527; x_wconf 97' lang='grc'>51</span> <span class='ocrx_word' id='word_1_420' title='bbox 1823 4462 1936 4526; x_wconf 89' lang='grc'>155115-</span> 
     </span>
     <span class='ocr_line' id='line_1_41' title="bbox 289 4563 1936 4656; baseline 0.001 -30"><span class='ocrx_word' id='word_1_421' title='bbox 289 4563 381 4629; x_wconf 92' lang='lat' dir='ltr'>nibus</span> <span class='ocrx_word' id='word_1_422' title='bbox 418 4572 452 4629; x_wconf 90' lang='lat' dir='ltr'>et</span> <span class='ocrx_word' id='word_1_423' title='bbox 479 4565 675 4650; x_wconf 87' lang='lat' dir='ltr'>scriptorum</span> <span class='ocrx_word' id='word_1_424' title='bbox 703 4568 815 4633; x_wconf 90' lang='lat' dir='ltr'>ordine</span> <span class='ocrx_word' id='word_1_425' title='bbox 845 4570 1022 4652; x_wconf 89' lang='lat' dir='ltr'>consentit,</span> <span class='ocrx_word' id='word_1_426' title='bbox 1055 4571 1118 4634; x_wconf 91' lang='lat' dir='ltr'>nisi</span> <span class='ocrx_word' id='word_1_427' title='bbox 1146 4569 1234 4656; x_wconf 91' lang='lat' dir='ltr'>quod</span> <span class='ocrx_word' id='word_1_428' title='bbox 1257 4591 1308 4656; x_wconf 90' lang='lat' dir='ltr'>ep.</span> <span class='ocrx_word' id='word_1_429' title='bbox 1332 4570 1354 4635; x_wconf 91' lang='lat' dir='ltr'>l.</span> <span class='ocrx_word' id='word_1_430' title='bbox 1371 4570 1412 4650; x_wconf 88' lang='lat' dir='ltr'>V,</span> <span class='ocrx_word' id='word_1_431' title='bbox 1433 4571 1470 4632; x_wconf 76' lang='grc'>12</span> <span class='ocrx_word' id='word_1_432' title='bbox 1494 4574 1528 4634; x_wconf 89' lang='grc'>51</span> <span class='ocrx_word' id='word_1_433' title='bbox 1551 4589 1603 4654; x_wconf 87' lang='lat' dir='ltr'>ep.</span> <span class='ocrx_word' id='word_1_434' title='bbox 1625 4567 1647 4631; x_wconf 90' lang='lat'>1.</span> <span class='ocrx_word' id='word_1_435' title='bbox 1664 4566 1766 4646; x_wconf 88' lang='lat' dir='ltr'>VIII,</span> <span class='ocrx_word' id='word_1_436' title='bbox 1791 4570 1804 4628; x_wconf 93' lang='lat'>1</span> <span class='ocrx_word' id='word_1_437' title='bbox 1831 4566 1936 4629; x_wconf 91' lang='lat' dir='ltr'>locum</span> 
     </span>
     <span class='ocr_line' id='line_1_42' title="bbox 289 4666 1936 4758; baseline -0.001 -28"><span class='ocrx_word' id='word_1_438' title='bbox 289 4687 349 4730; x_wconf 89' lang='lat' dir='ltr'>non</span> <span class='ocrx_word' id='word_1_439' title='bbox 383 4674 603 4732; x_wconf 87' lang='lat' dir='ltr'>mutaverunt.</span> <span class='ocrx_word' id='word_1_440' title='bbox 658 4667 796 4755; x_wconf 85' lang='lat' dir='ltr'>Inspexi</span> <span class='ocrx_word' id='word_1_441' title='bbox 829 4670 969 4747; x_wconf 62' lang='lat' dir='ltr'>Romam</span> <span class='ocrx_word' id='word_1_442' title='bbox 1003 4679 1107 4737; x_wconf 91' lang='lat' dir='ltr'>totum</span> <span class='ocrx_word' id='word_1_443' title='bbox 1141 4674 1378 4754; x_wconf 87' lang='lat' dir='ltr'>excussissem,</span> <span class='ocrx_word' id='word_1_444' title='bbox 1413 4672 1441 4735; x_wconf 88' lang='lat' dir='ltr'>si</span> <span class='ocrx_word' id='word_1_445' title='bbox 1479 4692 1538 4758; x_wconf 89' lang='lat' dir='ltr'>per</span> <span class='ocrx_word' id='word_1_446' title='bbox 1575 4669 1730 4756; x_wconf 89' lang='lat' dir='ltr'>temporis</span> <span class='ocrx_word' id='word_1_447' title='bbox 1768 4666 1936 4752; x_wconf 89' lang='lat' dir='ltr'>angustias</span> 
     </span>
     <span class='ocr_line' id='line_1_43' title="bbox 290 4770 1935 4860; baseline 0 -28"><span class='ocrx_word' id='word_1_448' title='bbox 290 4770 443 4836; x_wconf 87' lang='lat' dir='ltr'>licuisset.</span> <span class='ocrx_word' id='word_1_449' title='bbox 487 4770 583 4835; x_wconf 89' lang='lat' dir='ltr'>Nunc</span> <span class='ocrx_word' id='word_1_450' title='bbox 605 4792 684 4837; x_wconf 82' lang='lat' dir='ltr'>vero</span> <span class='ocrx_word' id='word_1_451' title='bbox 699 4772 871 4860; x_wconf 86' lang='lat' dir='ltr'>Augustus</span> <span class='ocrx_word' id='word_1_452' title='bbox 887 4775 966 4840; x_wconf 86' lang='lat' dir='ltr'>Mau</span> <span class='ocrx_word' id='word_1_453' title='bbox 985 4777 1109 4841; x_wconf 88' lang='lat' dir='ltr'>amicus</span> <span class='ocrx_word' id='word_1_454' title='bbox 1132 4776 1173 4841; x_wconf 88' lang='lat' dir='ltr'>de</span> <span class='ocrx_word' id='word_1_455' title='bbox 1197 4784 1249 4843; x_wconf 93' lang='lat' dir='ltr'>sat</span> <span class='ocrx_word' id='word_1_456' title='bbox 1271 4777 1381 4841; x_wconf 90' lang='lat' dir='ltr'>multis</span> <span class='ocrx_word' id='word_1_457' title='bbox 1403 4775 1484 4839; x_wconf 94' lang='lat' dir='ltr'>loeis</span> <span class='ocrx_word' id='word_1_458' title='bbox 1508 4773 1688 4839; x_wconf 89' lang='lat' dir='ltr'>sciscitanti</span> <span class='ocrx_word' id='word_1_459' title='bbox 1710 4771 1788 4835; x_wconf 91' lang='lat' dir='ltr'>mibi</span> <span class='ocrx_word' id='word_1_460' title='bbox 1804 4790 1935 4856; x_wconf 90' lang='lat' dir='ltr'>promp-</span> 
     </span>
     <span class='ocr_line' id='line_1_44' title="bbox 288 4874 1832 4966; baseline 0.002 -30"><span class='ocrx_word' id='word_1_461' title='bbox 288 4874 865 4958; x_wconf 75' lang='grc'>1155155555551555515511,51515</span> <span class='ocrx_word' id='word_1_462' title='bbox 889 4880 945 4944; x_wconf 91' lang='lat' dir='ltr'>illo</span> <span class='ocrx_word' id='word_1_463' title='bbox 970 4881 1176 4946; x_wconf 87' lang='grc'>5511555155</span> <span class='ocrx_word' id='word_1_464' title='bbox 1200 4882 1317 4946; x_wconf 91' lang='lat' dir='ltr'>damno</span> <span class='ocrx_word' id='word_1_465' title='bbox 1341 4900 1452 4945; x_wconf 89' lang='lat' dir='ltr'>carere</span> <span class='ocrx_word' id='word_1_466' title='bbox 1476 4899 1574 4966; x_wconf 91' lang='lat' dir='ltr'>posse</span> <span class='ocrx_word' id='word_1_467' title='bbox 1598 4878 1832 4942; x_wconf 75' lang='lat' dir='ltr'>existImarem.</span> 
     </span>
    </p>

    <p class='ocr_par' dir='ltr' id='par_1_8' title="bbox 289 4978 1937 5695">
     <span class='ocr_line' id='line_1_45' title="bbox 393 4978 1935 5070; baseline -0.001 -27"><span class='ocrx_word' id='word_1_468' title='bbox 393 4981 433 5045; x_wconf 93' lang='lat' dir='ltr'>In</span> <span class='ocrx_word' id='word_1_469' title='bbox 456 4978 516 5044; x_wconf 92' lang='lat' dir='ltr'>hoe</span> <span class='ocrx_word' id='word_1_470' title='bbox 539 5001 676 5046; x_wconf 90' lang='lat' dir='ltr'>numero</span> <span class='ocrx_word' id='word_1_471' title='bbox 706 4989 756 5047; x_wconf 89' lang='lat' dir='ltr'>est</span> <span class='ocrx_word' id='word_1_472' title='bbox 788 4984 887 5047; x_wconf 92' lang='lat' dir='ltr'>etiam</span> <span class='ocrx_word' id='word_1_473' title='bbox 917 4983 996 5048; x_wconf 91' lang='grc'>551.</span> <span class='ocrx_word' id='word_1_474' title='bbox 1020 4983 1174 5070; x_wconf 87' lang='lat' dir='ltr'>Regius</span> <span class='ocrx_word' id='word_1_475' title='bbox 1198 4990 1228 5049; x_wconf 87' lang='grc'>4.</span> <span class='ocrx_word' id='word_1_476' title='bbox 1251 4985 1291 5049; x_wconf 95' lang='grc' dir='ltr'>Β.</span> <span class='ocrx_word' id='word_1_477' title='bbox 1314 4984 1373 5063; x_wconf 91' lang='lat' dir='ltr'>IV,</span> <span class='ocrx_word' id='word_1_478' title='bbox 1397 4985 1453 5070; x_wconf 93' lang='lat' dir='ltr'>qui</span> <span class='ocrx_word' id='word_1_479' title='bbox 1476 4988 1625 5048; x_wconf 83' lang='lat' dir='ltr'>servatur</span> <span class='ocrx_word' id='word_1_480' title='bbox 1654 4982 1687 5045; x_wconf 92' lang='lat' dir='ltr'>in</span> <span class='ocrx_word' id='word_1_481' title='bbox 1710 4979 1825 5044; x_wconf 86' lang='grc'>1115555</span> <span class='ocrx_word' id='word_1_482' title='bbox 1847 4978 1935 5043; x_wconf 90' lang='lat' dir='ltr'>Brit-</span> 
     </span>
     <span class='ocr_line' id='line_1_46' title="bbox 289 5081 1937 5174; baseline 0.002 -31"><span class='ocrx_word' id='word_1_483' title='bbox 289 5083 433 5162; x_wconf 90' lang='lat' dir='ltr'>tannico,</span> <span class='ocrx_word' id='word_1_484' title='bbox 462 5083 732 5150; x_wconf 89' lang='lat' dir='ltr'>membranaceus</span> <span class='ocrx_word' id='word_1_485' title='bbox 755 5087 880 5151; x_wconf 85' lang='lat' dir='ltr'>formae</span> <span class='ocrx_word' id='word_1_486' title='bbox 903 5087 1100 5172; x_wconf 88' lang='lat' dir='ltr'>quadratae,</span> <span class='ocrx_word' id='word_1_487' title='bbox 1124 5088 1177 5153; x_wconf 89' lang='lat' dir='ltr'>cui</span> <span class='ocrx_word' id='word_1_488' title='bbox 1203 5089 1364 5174; x_wconf 91' lang='lat' dir='ltr'>inprime</span> <span class='ocrx_word' id='word_1_489' title='bbox 1388 5087 1466 5151; x_wconf 81' lang='lat' dir='ltr'>folio</span> <span class='ocrx_word' id='word_1_490' title='bbox 1489 5087 1681 5171; x_wconf 88' lang='lat' dir='ltr'>inscriptum</span> <span class='ocrx_word' id='word_1_491' title='bbox 1705 5090 1828 5150; x_wconf 82' lang='lat' dir='ltr'>exstat:</span> <span class='ocrx_word' id='word_1_492' title='bbox 1859 5081 1937 5146; x_wconf 77' lang='lat' dir='ltr'>labar</span> 
     </span>
     <span class='ocr_line' id='line_1_47' title="bbox 289 5185 1935 5276; baseline 0.001 -27"><span class='ocrx_word' id='word_1_493' title='bbox 289 5187 468 5251; x_wconf 67' lang='lat' dir='ltr'>nonasterii</span> <span class='ocrx_word' id='word_1_494' title='bbox 504 5185 681 5271; x_wconf 77' lang='lat' dir='ltr'>Wypornic.</span> <span class='ocrx_word' id='word_1_495' title='bbox 744 5188 860 5256; x_wconf 85' lang='lat' dir='ltr'>Codex</span> <span class='ocrx_word' id='word_1_496' title='bbox 893 5192 1122 5256; x_wconf 88' lang='lat' dir='ltr'>miscellaneus</span> <span class='ocrx_word' id='word_1_497' title='bbox 1156 5198 1208 5257; x_wconf 91' lang='grc'>551</span> <span class='ocrx_word' id='word_1_498' title='bbox 1239 5193 1447 5276; x_wconf 89' lang='lat' dir='ltr'>continetque</span> <span class='ocrx_word' id='word_1_499' title='bbox 1478 5196 1610 5275; x_wconf 88' lang='lat' dir='ltr'>praeter</span> <span class='ocrx_word' id='word_1_500' title='bbox 1637 5189 1716 5269; x_wconf 87' lang='lat' dir='ltr'>alia,</span> <span class='ocrx_word' id='word_1_501' title='bbox 1745 5187 1784 5252; x_wconf 88' lang='lat' dir='ltr'>de</span> <span class='ocrx_word' id='word_1_502' title='bbox 1817 5188 1935 5273; x_wconf 91' lang='lat' dir='ltr'>quibus</span> 
     </span>
     <span class='ocr_line' id='line_1_48' title="bbox 292 5287 1935 5379; baseline 0.002 -29"><span class='ocrx_word' id='word_1_503' title='bbox 292 5287 360 5354; x_wconf 82' lang='lat' dir='ltr'>vide</span> <span class='ocrx_word' id='word_1_504' title='bbox 389 5289 521 5377; x_wconf 85' lang='lat' dir='ltr'>Caeleyi</span> <span class='ocrx_word' id='word_1_505' title='bbox 556 5292 653 5355; x_wconf 89' lang='lat' dir='ltr'>catal.</span> <span class='ocrx_word' id='word_1_506' title='bbox 686 5290 767 5355; x_wconf 89' lang='lat' dir='ltr'>bibl.</span> <span class='ocrx_word' id='word_1_507' title='bbox 801 5293 911 5377; x_wconf 85' lang='lat' dir='ltr'>regiae</span> <span class='ocrx_word' id='word_1_508' title='bbox 944 5292 1099 5377; x_wconf 84' lang='lat' dir='ltr'>(Londini</span> <span class='ocrx_word' id='word_1_509' title='bbox 1124 5295 1231 5379; x_wconf 80' lang='lat'>1734),</span> <span class='ocrx_word' id='word_1_510' title='bbox 1265 5296 1297 5358; x_wconf 91' lang='grc'>15</span> <span class='ocrx_word' id='word_1_511' title='bbox 1331 5294 1386 5360; x_wconf 87' lang='grc'>151.</span> <span class='ocrx_word' id='word_1_512' title='bbox 1413 5290 1601 5357; x_wconf 76' lang='grc'>129-2921</span> <span class='ocrx_word' id='word_1_513' title='bbox 1629 5295 1735 5355; x_wconf 92' lang='lat' dir='ltr'>totum</span> <span class='ocrx_word' id='word_1_514' title='bbox 1766 5289 1935 5356; x_wconf 84' lang='lat' dir='ltr'>Sidonium</span> 
     </span>
     <span class='ocr_line' id='line_1_49' title="bbox 293 5394 1935 5486; baseline 0.001 -32"><span class='ocrx_word' id='word_1_515' title='bbox 293 5397 418 5459; x_wconf 89' lang='lat' dir='ltr'>saeculo</span> <span class='ocrx_word' id='word_1_516' title='bbox 440 5396 508 5460; x_wconf 92' lang='lat' dir='ltr'>XII</span> <span class='ocrx_word' id='word_1_517' title='bbox 531 5397 584 5461; x_wconf 89' lang='lat' dir='ltr'>vel</span> <span class='ocrx_word' id='word_1_518' title='bbox 607 5395 692 5460; x_wconf 89' lang='lat' dir='ltr'>XIII</span> <span class='ocrx_word' id='word_1_519' title='bbox 719 5398 875 5483; x_wconf 90' lang='lat' dir='ltr'>seriptum</span> <span class='ocrx_word' id='word_1_520' title='bbox 898 5400 1073 5485; x_wconf 91' lang='lat' dir='ltr'>multisque</span> <span class='ocrx_word' id='word_1_521' title='bbox 1101 5400 1228 5465; x_wconf 91' lang='lat' dir='ltr'>mendis</span> <span class='ocrx_word' id='word_1_522' title='bbox 1261 5401 1474 5486; x_wconf 91' lang='lat' dir='ltr'>inquinatum.</span> <span class='ocrx_word' id='word_1_523' title='bbox 1519 5398 1655 5462; x_wconf 87' lang='lat' dir='ltr'>Praeter</span> <span class='ocrx_word' id='word_1_524' title='bbox 1682 5395 1794 5460; x_wconf 89' lang='lat' dir='ltr'>solitas</span> <span class='ocrx_word' id='word_1_525' title='bbox 1817 5395 1850 5458; x_wconf 92' lang='lat' dir='ltr'>in</span> <span class='ocrx_word' id='word_1_526' title='bbox 1873 5394 1935 5457; x_wconf 92' lang='lat' dir='ltr'>hoc</span> 
     </span>
     <span class='ocr_line' id='line_1_50' title="bbox 294 5500 1929 5592; baseline 0.001 -33"><span class='ocrx_word' id='word_1_527' title='bbox 294 5515 407 5577; x_wconf 87' lang='lat' dir='ltr'>genere</span> <span class='ocrx_word' id='word_1_528' title='bbox 437 5501 651 5584; x_wconf 88' lang='lat' dir='ltr'>epistularum</span> <span class='ocrx_word' id='word_1_529' title='bbox 681 5504 950 5589; x_wconf 91' lang='lat' dir='ltr'>transpositiones</span> <span class='ocrx_word' id='word_1_530' title='bbox 982 5504 1064 5569; x_wconf 89' lang='lat' dir='ltr'>baec</span> <span class='ocrx_word' id='word_1_531' title='bbox 1096 5504 1197 5570; x_wconf 89' lang='lat' dir='ltr'>habet</span> <span class='ocrx_word' id='word_1_532' title='bbox 1227 5505 1419 5592; x_wconf 90' lang='lat' dir='ltr'>peculiaria:</span> <span class='ocrx_word' id='word_1_533' title='bbox 1448 5509 1485 5567; x_wconf 92' lang='lat' dir='ltr'>ut</span> <span class='ocrx_word' id='word_1_534' title='bbox 1516 5503 1549 5566; x_wconf 93' lang='lat' dir='ltr'>in</span> <span class='ocrx_word' id='word_1_535' title='bbox 1579 5500 1649 5565; x_wconf 92' lang='lat' dir='ltr'>cod.</span> <span class='ocrx_word' id='word_1_536' title='bbox 1677 5500 1827 5565; x_wconf 88' lang='lat' dir='ltr'>Parisino</span> <span class='ocrx_word' id='word_1_537' title='bbox 1850 5501 1929 5562; x_wconf 91' lang='grc'>9551</span> 
     </span>
     <span class='ocr_line' id='line_1_51' title="bbox 297 5596 1935 5695; baseline 0.002 -35"><span class='ocrx_word' id='word_1_538' title='bbox 297 5596 327 5661; x_wconf 88' lang='grc'>15</span> <span class='ocrx_word' id='word_1_539' title='bbox 349 5620 398 5686; x_wconf 89' lang='lat' dir='ltr'>ep.</span> <span class='ocrx_word' id='word_1_540' title='bbox 421 5602 441 5666; x_wconf 91' lang='lat' dir='ltr'>l.</span> <span class='ocrx_word' id='word_1_541' title='bbox 457 5603 489 5667; x_wconf 90' lang='lat' dir='ltr'>V</span> <span class='ocrx_word' id='word_1_542' title='bbox 512 5606 653 5692; x_wconf 88' lang='lat' dir='ltr'>epistula</span> <span class='ocrx_word' id='word_1_543' title='bbox 684 5605 812 5672; x_wconf 89' lang='lat' dir='ltr'>decima</span> <span class='ocrx_word' id='word_1_544' title='bbox 843 5608 940 5672; x_wconf 88' lang='lat' dir='ltr'>tertia</span> <span class='ocrx_word' id='word_1_545' title='bbox 973 5608 1142 5695; x_wconf 87' lang='lat' dir='ltr'>praeeedit</span> <span class='ocrx_word' id='word_1_546' title='bbox 1172 5608 1412 5690; x_wconf 89' lang='lat' dir='ltr'>duodecimam,</span> <span class='ocrx_word' id='word_1_547' title='bbox 1441 5614 1474 5671; x_wconf 95' lang='grc'>51</span> <span class='ocrx_word' id='word_1_548' title='bbox 1502 5608 1535 5671; x_wconf 88' lang='grc'>15</span> <span class='ocrx_word' id='word_1_549' title='bbox 1564 5627 1616 5692; x_wconf 87' lang='lat' dir='ltr'>ep.</span> <span class='ocrx_word' id='word_1_550' title='bbox 1639 5607 1660 5671; x_wconf 93' lang='grc'>1.</span> <span class='ocrx_word' id='word_1_551' title='bbox 1682 5604 1766 5671; x_wconf 89' lang='lat' dir='ltr'>VIII</span> <span class='ocrx_word' id='word_1_552' title='bbox 1794 5602 1935 5688; x_wconf 91' lang='lat' dir='ltr'>epistula</span> 
     </span>
    </p>
   </div>
   <div class='ocr_carea' id='block_1_4' title="bbox 0 0 2236 6212">
    <p class='ocr_par' dir='ltr' id='par_1_9' title="bbox 0 0 2236 6212">
     <span class='ocr_line' id='line_1_52' title="bbox 0 0 2236 6212; baseline 0 0"><span class='ocrx_word' id='word_1_553' title='bbox 0 0 2236 6212; x_wconf 95' lang='lat' dir='ltr'> </span> 
     </span>
    </p>
   </div>
  </div>
 </body>
</html>
