4462 6216
281 352 323 411 44
901 339 1039 395 SIDONII
1058 337 1317 393 EPISTULARUM

285 520 391 583 ruisse
414 518 511 581 nimis
534 514 665 581 videtur
687 515 851 599 ignavum.
897 533 958 597 ego
982 532 1059 575 vero
1082 518 1208 575 tantum
1238 511 1424 595 obstringar
1450 511 1599 592 indultis,
1630 534 1668 578 ac
1692 515 1720 578 si
1743 535 1837 579 meae
1859 536 1936 601 pro-

284 622 373 686 ficiat
395 620 605 706 peculiariter
627 617 818 704 proprietati
842 616 995 701 quicquid
1019 636 1112 679 meus
1135 621 1244 678 aetate
1268 614 1370 677 frater
1397 615 1600 699 professione
1624 616 1728 697 filius,
1758 619 1832 681 loco
1857 619 1936 682 civis

280 724 344 788 fide
368 724 492 787 amicus
515 722 690 807 acceperit.
736 721 819 784 vale.

1080 941 1139 1008 VI.

701 1096 913 1163 SIDONIUS
937 1095 1165 1161 EU'PROPIO
1191 1097 1276 1163 SUO
1300 1095 1522 1162 SALUTEM.

232 1246 246 1304 1
391 1217 435 1313 Si
458 1249 582 1314 veteris
606 1245 797 1324 commilitii,
822 1245 848 1308 si
871 1244 1027 1329 deinceps
1050 1243 1225 1308 innovatae
1248 1265 1307 1330 per
1323 1243 1394 1308 dies
1418 1242 1543 1327 gratiae
1565 1242 1651 1307 bene
1675 1243 1708 1307 in
1730 1247 1937 1329 praesentia·
1978 1269 1989 1306 a

283 1366 355 1416 rum
377 1352 459 1417 fides
484 1359 595 1418 vestra
628 1348 865 1428 reminiscitur,
894 1347 1041 1433 profacto
1070 1347 1261 1433 intellegitis
1289 1354 1326 1410 ut
1355 1367 1413 1410 vos
1443 1345 1485 1410 ad
1513 1345 1709 1431 dignitatum
1737 1349 1784 1413 sio
1813 1371 1873 1414 nos
1896 1350 1938 1415 ad

285 1454 521 1520 desideriorum
558 1455 700 1519 culmina
731 1451 921 1517 ascendere.
975 1452 1022 1515 ita
1053 1472 1193 1535 namque
1222 1451 1368 1515 fascibus
1394 1451 1512 1515 vestris
1541 1459 1710 1536 gratamur
1740 1472 1871 1535 omnes,
1902 1463 1939 1520 ut

283 1565 427 1624 erectam
455 1582 515 1647 per
547 1559 622 1622 illos
650 1579 717 1622 non
747 1556 852 1641 magis
884 1562 1027 1620 vestram
1058 1555 1190 1619 domum
1219 1575 1316 1640 quam
1348 1560 1494 1620 nostram
1526 1554 1703 1619 amicitiam
1733 1577 1938 1622 censeamus.

282 1664 377 1728 testis
401 1669 452 1728 est
475 1664 530 1727 ille
553 1668 722 1742 tractatus,
744 1661 778 1725 in
794 1681 857 1745 quo
882 1659 1120 1726 exhortationis
1145 1681 1237 1724 meae
1255 1680 1320 1723 non
1336 1659 1505 1722 minimum
1527 1659 1739 1724 incitamenta
1755 1661 1937 1726 valuerunt·

231 1767 251 1828 2
285 1767 402 1851 quibus
426 1766 482 1830 vix
504 1766 659 1853 potuistis
687 1763 822 1842 adduci,
854 1769 890 1827 ut
916 1762 1157 1854 praefecturam
1188 1762 1415 1848 philosophiae
1442 1761 1640 1847 iungeretis,
1667 1783 1740 1827 cum
1768 1785 1827 1827 vos
1860 1786 1937 1829 oon·
1966 1785 1991 1824 ro

284 1870 430 1934 sectanei
459 1869 560 1934 vestri
590 1867 713 1932 Plotini
746 1866 955 1950 dogmatibus
988 1865 1198 1931 inhaerentes
1234 1865 1276 1929 ad
1310 1864 1506 1950 profundum
1541 1865 1793 1952 intempestivae
1819 1868 1940 1953 quietis

288 1973 390 2037 otium
413 1972 659 2037 Platonicorum
683 1971 850 2057 palaestra
871 1970 1049 2054 rapuisset,
1080 1970 1172 2033 cuius
1195 1968 1390 2054 disciplinae
1420 1974 1498 2032 tunc
1527 1968 1596 2033 fore
1625 1968 1774 2033 adstruxi
1802 1971 1939 2036 liberam

284 2076 540 2162 professionem,
572 2096 646 2140 oum
673 2074 718 2138 nil
745 2073 889 2138 familiae
918 2073 1100 2138 debuisses.
1155 2094 1251 2159 porro
1281 2081 1392 2137 autem
1420 2070 1566 2137 desidiae
1596 2073 1734 2137 vicinior
1761 2076 1941 2160 putabatur

284 2186 491 2266 contemptus
515 2179 571 2244 ille
601 2179 752 2257 militiae,
781 2178 943 2263 adquam
971 2179 1118 2242 iactitant
1147 2177 1240 2241 lividi
1269 2178 1428 2242 bonarum
1456 2177 1598 2262 partium
1630 2178 1719 2242 viros
1748 2197 1814 2242 non
1840 2199 1940 2265 posse

234 2284 253 2347 3
286 2283 515 2369 potiusquam
540 2283 627 2348 nolle
653 2280 885 2347 conscendere.
932 2282 1040 2366 igitur,
1065 2281 1152 2366 quod
1174 2281 1247 2346 loco
1270 2282 1410 2366 primore
1429 2281 1499 2345 fieri
1514 2301 1574 2367 par
1589 2287 1649 2360 est,
1672 2281 1800 2366 agimus
1816 2283 1939 2367 gratias
1967 2301 1991 2340 1⁵

287 2387 408 2452 uberes
426 2385 569 2468 Christo,
593 2387 648 2472 qui
672 2392 791 2451 statum
815 2384 1019 2450 celsitudinis
1043 2392 1120 2450 tuae
1144 2391 1180 2449 ut
1196 2385 1355 2449 hactenus
1371 2391 1545 2471 parentum
1561 2383 1734 2449 nobilitate
1751 2385 1940 2467 decorabat,

285 2490 332 2554 ita
354 2490 419 2554 iam
443 2511 528 2555 nuno
552 2491 721 2554 titulorum
744 2489 909 2574 parilitate
937 2489 1087 2574 fastigat;
1116 2489 1213 2553 simul
1240 2496 1273 2552 et
1301 2488 1483 2553 animorum
1512 2488 1634 2574 spebus
1663 2489 1782 2554 erectis
1809 2488 1860 2554 fas
1889 2496 1942 2555 est

288 2592 329 2658 de
362 2601 473 2659 cetero
507 2614 640 2680 sperare
668 2593 813 2658 meliora.
859 2599 948 2657 certe
973 2592 1088 2657 creber
1109 2592 1358 2679 provincialium
1382 2613 1488 2657 sermo
1516 2597 1581 2656 est:
1609 2613 1731 2657 annum
1753 2592 1875 2657 bonum
1899 2592 1940 2659 de

285 2697 414 2781 magnis
437 2718 502 2762 non
525 2705 593 2762 tam
615 2693 776 2762 fructibus
806 2717 902 2781 quam
933 2696 1152 2781 potestatibus
1180 2696 1444 2762 existimandum.
1495 2716 1559 2780 qua
1586 2696 1628 2762 de
1650 2718 1686 2762 re
1709 2704 1855 2761 vestrum
1878 2706 1940 2779 est,

289 2799 419 2866 domine
442 2803 561 2882 maior,
591 2801 873 2888 exspectationem
897 2807 1042 2864 nostram
1067 2801 1328 2884 competentibus
1352 2799 1621 2885 dispositionibus
1644 2800 1820 2866 munerari.
1864 2821 1941 2865 nam
1967 2816 1994 2858 ²⁰

285 2925 411 2970 memor
435 2905 570 2991 originis
594 2912 671 2971 tuae
694 2905 852 2970 nobilium
881 2905 943 2969 sibi
974 2904 1137 2990 persuasit
1164 2905 1377 2981 universitas,
1406 2903 1560 2988 quamdiu
1591 2925 1649 2968 nos
1674 2901 1787 2968 Sabini
1817 2904 1942 2969 familia

287 3009 422 3089 rexerit,
447 3007 616 3074 Sabiniani
639 3008 798 3073 familiam
821 3029 885 3073 non
908 3007 1095 3073 timendam.
1143 3008 1226 3072 vale.

1076 3337 1153 3402 VII.

744 3490 954 3556 SIDONIUS
978 3489 1129 3555 FELIOI
1152 3489 1238 3555 SUO
1263 3487 1487 3556 SALUTEM.

238 3632 251 3690 1
399 3608 541 3702 Lonoun
565 3658 585 3701 a
606 3637 724 3702 litteris
741 3639 941 3722 temperatis.
987 3639 1086 3723 igitur
1101 3639 1230 3723 utrique
1246 3646 1393 3703 nostrum
1409 3659 1480 3703 mos
1497 3660 1575 3703 suus
1595 3638 1719 3724 agitur:
1744 3658 1806 3722 ego
1823 3636 1940 3722 garrio,

288 3760 346 3803 vos
370 3740 497 3805 tacetis.
542 3739 629 3806 unde
653 3742 766 3822 eham,
790 3742 839 3804 vir
863 3741 904 3807 ad
927 3741 1054 3827 reliqua
1075 3741 1151 3806 fidei
1175 3742 1283 3807 officia
1305 3743 1459 3827 insignis,
1488 3762 1592 3828 genus
1615 3763 1690 3807 reor
1712 3762 1787 3806 esse
1810 3739 1939 3804 virtutis
1965 3754 1992 3795 2⁵

286 3849 378 3907 tanto
401 3850 434 3909 te
458 3844 524 3908 otio
548 3865 614 3909 non
638 3866 737 3930 posse
761 3846 889 3910 lassari.
935 3846 1052 3931 ecquid
1074 3867 1251 3931 numquam
1266 3869 1327 3911 nec
1344 3853 1495 3932 respectu
1515 3846 1691 3911 movebere
1706 3845 1940 3910 familiaritatis

288 3947 458 4031 antiquae,
485 3953 521 4012 ut
544 3948 677 4014 tandem
700 3971 720 4014 a
743 3949 954 4014 continuandi
978 3950 1100 4014 silentii
1124 3950 1292 4036 proposito
1316 3949 1434 4036 pedem
1458 3949 1604 4015 referas?
1636 3956 1693 4013 aut
1714 3948 1840 4030 nescis,
1864 3947 1940 4033 quia

287 4052 417 4135 garrulo
448 4071 515 4115 non
546 4052 746 4138 respondere
781 4053 961 4118 convicium
1001 4058 1073 4118 est?
1111 4060 1147 4116 tu
1179 4054 1299 4119 retices
1329 4054 1383 4119 vel
1412 4052 1693 4138 bybliothecarum
1728 4050 1855 4116 medius
1886 4053 1939 4116 vel

390 4308 404 4359 1
423 4311 550 4378 obstrigar
568 4311 592 4361 L
706 4310 724 4363 2
741 4312 865 4380 quidquid
884 4311 913 4362 F
1024 4310 1042 4362 3
1061 4312 1185 4364 valeam.
1204 4311 1234 4364 F
1339 4310 1357 4364 4
1374 4321 1452 4365 totam
1469 4329 1508 4379 ep.
1533 4311 1574 4362 VI
1588 4329 1636 4362 om.
1660 4310 1684 4360 T
1747 4309 1937 4375 inscriptorum

289 4446 341 4481 msc
359 4446 435 4480 versa
451 4447 506 4480 nac.
524 4448 572 4482 om.
591 4431 616 4482 L
686 4434 796 4485 salutem
814 4451 862 4484 ons.
880 4432 908 4483 F
1016 4431 1197 4484 bcommilicii
1214 4433 1274 4484 MF
1339 4434 1502 4486 deincsbsO
1568 4432 1719 4513 cqinnovate
1737 4430 1766 4481 F
1772 4432 1780 4461 ¹
1868 4447 1940 4498 prse-

286 4552 431 4603 ssnciarum
451 4547 474 4602 0
593 4550 771 4621 aramagna
791 4551 898 4605 MOFP
1022 4551 1158 4660 iqanqus
1178 4551 1216 4604 M
1337 4552 1355 4605 8
1371 4556 1512 4606 amiciciam
1532 4554 1581 4605 OF
1698 4550 1715 4601 9
1732 4554 1902 4662 ⁰¹⁰¹¹⁸q⁰ffl¹¹¹⁸
1921 4552 1944 4604 0

288 4667 322 4720 10
338 4671 384 4722 vix
402 4670 440 4737 (ix
456 4672 485 4722 in
502 4689 555 4722 ras.
575 4671 626 4738 1²¹)
645 4671 671 4722 P
738 4673 872 4740 philosofia
890 4672 919 4723 F
986 4675 1151 4726 consentanei
1169 4674 1211 4725 F¹
1318 4672 1351 4725 12
1367 4677 1466 4728 astruxi
1481 4674 1586 4726 MOFP
1687 4671 1720 4724 13
1737 4675 1870 4727 debuisses
1883 4673 1918 4724 Μ
1921 4676 1941 4739 ²,

286 4791 418 4844 assuant
439 4788 490 4843 cr
591 4789 625 4844 14
641 4794 828 4846 antemnas
860 4757 884 4901 a
897 4794 1006 4846 marrona
1023 4794 1106 4846 nor
1206 4793 1617 4861 15fi0a1(au.reras.c¹)e
1718 4793 1751 4846 17
1769 4795 1942 4860 manre,

285 4911 362 4975 ctiam
384 4912 407 4962 0
472 4913 582 4980 spsebus
600 4912 630 4964 F
737 4911 771 4965 18
788 4914 849 4966 crsb
872 4914 907 4965 0¹
976 4914 1170 4980 provintialium
1187 4913 1217 4964 F
1327 4910 1363 4964 20
1380 4914 1581 4981 expectationem
1599 4912 1686 4980 MFP,
1704 4916 1944 4982 expectacionemO

284 5034 412 5084 numerari
431 5032 480 5083 OF
595 5031 628 5084 21
647 5035 762 5101 quandiu
779 5034 814 5085 M
894 5035 990 5085 familia
1006 5035 1101 5086 rexerit
1117 5035 1244 5086 sabiniani
1262 5034 1353 5086 onaO
1462 5032 1497 5085 22
1514 5036 1609 5086 rexerit
1624 5035 1653 5086 in
1670 5053 1723 5087 ras.
1742 5035 1785 5086 P¹
1881 5044 1941 5089 ante

283 5152 422 5204 timendam
440 5155 486 5220 lep.
505 5124 545 5206 aa
551 5155 580 5206 in
597 5150 620 5204 0
687 5155 745 5205 vals
763 5171 813 5205 ons.
827 5154 856 5205 F
956 5151 991 5204 23
1008 5161 1086 5205 totam
1102 5171 1141 5219 ep.
1161 5152 1217 5204 VII
1233 5170 1281 5204 om.
1300 5152 1324 5202 Τ
1387 5153 1578 5220 inscriptionem
1595 5171 1647 5206 ano
1664 5172 1740 5206 versa
1755 5174 1809 5208 cac.
1829 5174 1878 5208 orn.
1891 5156 1945 5208 LF

288 5268 323 5322 24
341 5290 453 5340 .ongnm
472 5272 501 5324 F
600 5269 634 5323 26
652 5281 677 5326 ct
696 5272 801 5340 quidF,
820 5274 912 5341 ecquid
925 5272 957 5339 P,
973 5275 1089 5340 Aacquid
1104 5273 1131 5338 0,
1148 5275 1260 5340 haequid
1279 5272 1356 5339 (corr.
1374 5271 1402 5325 in
1419 5276 1511 5341 ecquid
1523 5272 1587 5341 Μ’)
1602 5272 1642 5343 Μ
1660 5294 1717 5328 aar.
1736 5278 1789 5329 lect.
1808 5295 1827 5329 s.
1847 5278 1864 5329 l.
1877 5278 1939 5330 add.

285 5407 354 5444 eras.
366 5388 403 5441 Μ
406 5394 417 5425 ¹
469 5410 610 5460 numquam
628 5409 677 5445 nsc
693 5394 794 5460 scripsi,
814 5399 929 5462 nuquam
947 5412 998 5447 ne·
1018 5394 1108 5461 (anam
1126 5396 1173 5446 titt.
1191 5394 1358 5461 cros.P¹)P,
1376 5414 1550 5465 numquamne
1564 5397 1648 5461 LMO,
1667 5403 1781 5466 nuquam
1794 5398 1905 5466 (osane)
1916 5399 1945 5450 F

285 5507 319 5561 27
347 5513 429 5579 antiq;
457 5514 534 5578 (corn.
552 5515 580 5565 ia
597 5515 703 5581 antiun
721 5513 774 5581 1³¹)
799 5515 825 5566 id
842 5517 943 5568 tandem
963 5515 989 5566 1²
1089 5516 1232 5567 continuati
1252 5513 1370 5582 MCFP,
1393 5519 1589 5572 lcontinuandi
1618 5522 1710 5573 melius
1736 5523 1799 5574 mid.
1818 5541 1838 5573 s.
1856 5525 1873 5574 I.
1894 5521 1943 5574 Μ’

284 5632 319 5684 ‘ht
337 5654 388 5686 nrm
406 5653 425 5685 s.
445 5638 461 5687 l.
481 5637 545 5686 add.
564 5636 606 5687 F²
678 5640 820 5691 covwitiunr
839 5640 898 5691 ΜΡ
964 5640 1176 5691 bibliothecarum
1194 5640 1255 5702 MC,
1273 5641 1465 5692 bibliotecarum
1486 5641 1518 5704 F,
1535 5642 1764 5694 bibliotboeharum
1784 5644 1810 5695 P
