4462 6216
864 340 1326 416 clausurus-ver.
1855 349 1918 413 315

275 518 436 603 propheta
458 516 549 581 dicit:
581 517 678 583 educ
701 518 748 583 de
771 539 932 584 carcere
956 520 1130 584 animam
1152 542 1276 586 meam
1299 521 1344 585 ad
1373 521 1641 586 confitendum
1670 521 1919 585 nominituo.
1976 519 2010 592 G

274 621 399 686 credite
422 621 510 700 mihi,
534 621 651 687 fratres
674 623 841 703 carissimi,
865 623 941 708 quia
964 623 1021 688 illa
1043 624 1109 688 iam
1131 623 1172 689 de
1197 646 1256 688 sua
1279 625 1386 710 quiete
1411 646 1527 689 secura
1550 624 1591 688 de
1614 632 1724 689 nostra
1746 632 1797 688 est
1813 624 1971 688 salutetll

275 725 424 805 sollicita,
448 745 531 808 quae
555 725 582 788 si
607 726 777 790 nobiscum
800 733 914 813 posset
937 728 1075 792 miseere
1098 728 1269 814 colloquia,
1293 729 1355 793 hoc
1378 729 1517 794 diceret:
1550 729 1662 808 nolite,
1685 728 1729 814 pii
1753 730 1967 814 parentes,21

273 829 371 892 nolite
395 848 448 892 me
471 828 548 892 llere
572 849 632 892 nee
655 830 774 915 ingrati
798 836 864 894 tam
887 829 1028 914 henigne
1052 828 1181 894 domino
1206 832 1392 918 planctibus
1414 832 1534 897 nimiae
1557 831 1742 896 dilectionis
1764 832 1919 896 existere.

234 948 246 985 ⁵
274 940 354 1013 esto,
378 932 530 995 habuerit
553 939 701 1018 tempore
725 952 819 998 meae
842 933 1062 999 arcessitionis
1086 933 1148 999 hoc
1170 935 1286 1020 pietas,
1309 936 1373 1000 iam
1396 935 1496 1002 debet
1518 934 1665 1000 dolorem
1681 941 1824 1000 vestrum
1840 934 1920 999 fides

274 1058 346 1101 cum
375 1043 522 1122 tempore
553 1043 754 1123 temperare,
785 1038 862 1124 quia
889 1039 951 1103 etsi
979 1037 1072 1103 vobis
1100 1044 1230 1103 mortua
1258 1061 1343 1119 sum,
1375 1039 1436 1104 deo
1464 1040 1548 1104 vivo.
1594 1045 1650 1104 aut
1678 1038 1833 1124 numquid
1862 1039 1972 1103 vos22

273 1142 376 1225 magis
407 1140 546 1226 potestis
578 1161 687 1205 amare
714 1162 811 1226 quam
838 1140 1004 1217 dominus,
1038 1141 1093 1228 qui
1119 1163 1172 1207 me
1199 1142 1291 1224 fecit,
1321 1144 1483 1229 quomodo
1508 1143 1628 1225 voluit,
1658 1143 1812 1223 redemit,
1844 1143 1920 1230 qnia

273 1246 387 1325 voluit,
403 1251 445 1321 et,
467 1243 594 1328 quando
611 1246 723 1326 voluit,
745 1267 803 1331 pro
819 1267 878 1310 sua
896 1246 1017 1332 pietate
1034 1246 1197 1332 suscepit?
1236 1255 1292 1312 aut
1308 1247 1394 1331 quod
1410 1247 1513 1333 magis
1530 1247 1651 1312 doloris
1668 1247 1770 1313 vestri
1785 1246 1923 1334 potestis

275 1350 397 1415 hahere
414 1347 582 1429 solacium,
606 1369 702 1432 quarn
718 1349 803 1434 quod
820 1349 971 1414 dominus
992 1356 1104 1415 noster
1123 1351 1255 1416 unleum
1278 1351 1380 1415 filium
1404 1373 1498 1417 suum
1522 1373 1580 1437 pro
1603 1351 1697 1416 nobis
1722 1356 1770 1416 est
1792 1349 1921 1414 tradere

222 1471 248 1508 10
274 1454 428 1540 dignatus
452 1450 493 1516 ad
516 1458 675 1517 mortem?
721 1461 849 1519 etcum
872 1454 958 1518 filius
989 1453 1041 1518 dei
1070 1454 1249 1518 seeundum
1280 1476 1411 1520 carnem
1442 1455 1523 1520 mori
1546 1455 1699 1534 voluerit,
1730 1455 1825 1519 homo
1854 1461 1921 1518 tam

276 1558 393 1623 acerbe
418 1556 517 1622 debet
540 1555 763 1620 condicionem
786 1557 948 1622 humanae
973 1556 1068 1621 sortis
1092 1557 1268 1643 excipere?
1313 1579 1410 1642 quam
1432 1558 1473 1622 ob
1495 1579 1575 1640 rem,
1598 1558 1737 1644 piissimi
1760 1564 1921 1644 parentes,
1933 1558 1973 1619 23

274 1669 385 1728 vestra
407 1662 515 1747 potius
539 1667 676 1746 peccata
698 1659 815 1724 deflete
839 1666 872 1725 et
895 1659 936 1726 de
954 1659 1177 1725 satisfactione
1194 1668 1374 1726 vestrorum
1395 1661 1563 1726 eriminum
1582 1662 1734 1746 cogitate,
1756 1667 1802 1742 ut,
1826 1661 1853 1725 si
1870 1682 1922 1725 me

276 1767 310 1830 in
334 1764 464 1830 Ohristo
488 1763 639 1849 diligitis,
668 1764 743 1848 quia
765 1784 817 1827 me
840 1785 917 1829 vere
940 1764 1078 1849 diligere
1108 1787 1173 1830 non
1201 1767 1355 1852 potestis,
1389 1767 1451 1830 uisi
1477 1767 1511 1830 in
1541 1765 1671 1834 domino
1703 1765 1860 1850 diligatis,
1889 1765 1923 1828 in

274 1871 380 1935 sinum
403 1869 608 1955 patriarchae
631 1868 741 1932 venire
767 1867 975 1949 mereamini,
1003 1869 1059 1934 ubi
1089 1868 1238 1934 dominus
1269 1890 1328 1955 pro
1355 1870 1562 1935 innocentiae
1586 1891 1638 1935 me
1662 1890 1756 1934 meae
1780 1869 1922 1954 puritate

225 1989 248 2026 ¹11
276 1980 310 2038 et
332 1995 389 2060 pro
413 1993 474 2036 sua
502 1972 624 2058 pietate
653 1973 836 2055 constituit,
869 1973 961 2058 quia
989 1973 1271 2040 misericordia
1303 1974 1391 2038 eius
1420 1974 1561 2039 melior
1592 1982 1650 2038 est
1680 1994 1796 2060 super
1824 1974 1921 2055 vita,

276 2084 312 2143 ut
334 2076 456 2143 ibidem
479 2098 545 2141 non
567 2076 660 2141 falsis
685 2076 743 2141 sed
759 2078 855 2160 veris,
879 2099 944 2142 nou
967 2078 1202 2164 temporalibus
1226 2076 1284 2142 sed
1308 2078 1451 2143 aeternis
1471 2077 1600 2163 gaudiis
1616 2078 1739 2163 pariter
1756 2077 1922 2143 exsultare

275 2183 447 2268 possimus.
483 2180 604 2244 talibus
627 2187 755 2265 oportet
777 2188 813 2246 ut
829 2203 897 2262 nos,
921 2182 1037 2268 optimi
1052 2181 1179 2262 fratres,
1204 2189 1237 2246 et
1251 2182 1302 2246 his
1318 2181 1478 2246 similibus
1494 2181 1678 2268 praeceptis
1695 2202 1733 2246 ac
1750 2180 1923 2267 sponsibus
1933 2181 1973 2242 24

275 2285 445 2349 dominicis
475 2285 693 2364 consolemus,
729 2283 805 2370 quia
836 2285 920 2349 siout
948 2283 1035 2371 apud
1063 2284 1227 2349 dominum
1255 2285 1366 2348 futura
1394 2285 1459 2348 iam
1495 2284 1581 2350 faeta
1615 2291 1705 2364 sunt,
1741 2285 1787 2349 ita
1817 2283 1923 2348 fidelis

276 2389 455 2453 catholicus
479 2388 641 2475 promissa
663 2388 829 2467 caelestia,
853 2409 936 2473 quae
960 2393 1108 2474 tempore
1132 2409 1190 2454 suo
1213 2387 1381 2473 implenda
1404 2387 1545 2469 confidit,
1574 2388 1674 2454 debet
1696 2388 1760 2452 iam
1784 2386 1924 2473 quodam

224 2506 250 2545 2⁰
275 2492 371 2557 modo
395 2491 516 2555 habere
540 2493 737 2576 praeseutia,
762 2513 820 2579 spe
843 2493 1045 2578 praecipere,
1069 2490 1241 2577 possidere
1264 2491 1339 2572 fide,
1363 2492 1517 2578 operibus
1541 2492 1701 2557 obtinere.
1739 2492 1820 2556 haec
1837 2491 1975 2556 enim25

278 2604 352 2661 sunt
375 2617 458 2681 quac
481 2594 574 2659 nobis
598 2595 757 2660 exhibent
779 2597 812 2659 in
835 2597 1037 2660 maeroribus
1062 2595 1233 2676 solacium,
1261 2596 1295 2659 in
1318 2596 1488 2660 contrariis
1511 2595 1678 2678 fiduciam,
1702 2595 1735 2659 in
1758 2595 1923 2682 prosperis

276 2699 547 2780 moderationem,
579 2720 620 2764 ne
652 2706 708 2763 aut
737 2699 935 2764 extollamur
952 2699 1115 2764 secundis
1144 2705 1201 2764 aut
1229 2699 1381 2764 cedamus
1416 2698 1560 2765 adversis
1591 2706 1647 2764 aut
1675 2698 1823 2763 tristibus
1846 2719 1923 2762 eon-

276 2825 449 2868 sumamur.
494 2802 576 2866 haec
599 2823 693 2886 ergo,
723 2803 841 2868 fratres
865 2802 1042 2884 carissimi,
1071 2802 1324 2869 transmittenda
1346 2803 1441 2868 vobis
1464 2803 1505 2867 ad
1533 2824 1737 2868 communem
1761 2802 1975 2887 quandamtf

276 2906 533 2973 consolationem
556 2904 641 2968 haud
666 2905 734 2969 sine
758 2928 876 2991 magno
900 2908 998 2972 animi
1021 2907 1133 2972 dolore
1162 2906 1294 2971 dictavi.
1334 2928 1396 2972 nec
1416 2927 1468 2971 me
1491 2907 1589 2992 paulo
1612 2908 1709 2971 latius
1732 2906 1922 2992 protrahere

224 3025 248 3064 ‘2⁵
277 3030 461 3075 sermonem
491 3008 659 3072 affluentia
688 3010 858 3073 verborum
890 3011 1048 3096 compulit
1079 3009 1137 3075 sed
1165 3016 1276 3074 aestus
1304 3011 1500 3091 animorum,
1530 3017 1567 3073 ut
1596 3009 1808 3090 desiderium,
1839 3009 1925 3093 quod

277 3113 457 3180 recordatio
490 3111 685 3176 accenderat
716 3114 849 3193 acerba,
884 3114 1147 3179 commemoratio
1178 3113 1304 3177 diutina
1341 3113 1468 3179 leniret.
1530 3114 1563 3177 in
1592 3114 1654 3178 hoc
1685 3114 1783 3179 etiam
1812 3134 1924 3198 parem

275 3219 413 3302 gratiam
438 3237 517 3300 erga
540 3236 742 3280 communem
764 3216 863 3281 filiam
887 3217 1133 3303 comprobemus
1163 3223 1213 3298 et,
1243 3218 1328 3280 siout
1350 3236 1410 3279 nos
1438 3216 1509 3280 eius
1538 3217 1604 3281 vita
1638 3216 1843 3296 devinxerat,
1879 3216 1925 3279 ita

277 3324 345 3386 eius
368 3321 525 3385 memoria
548 3320 580 3383 in
605 3320 720 3384 eadem
744 3320 919 3386 dilectione
943 3320 1116 3386 custodiat.

1080 3576 1123 3645 V.

226 3737 251 3773 ³0
337 3717 516 3783 DOMINO
541 3716 728 3782 SUBLIMI
751 3717 808 3784 ΕΤ
831 3717 880 3782 IN
903 3715 1099 3783 CHRISTO
1123 3714 1301 3781 DOMINO
1324 3714 1680 3782 DIlVINO'l'ISSIMO
1703 3714 1872 3781 FRATRI
1935 3720 1937 3724 ’

223 3866 230 3872 -
872 3819 1081 3885 NAMATIO
1104 3818 1331 3887 RURIOIUS.

389 3921 462 4031 Qui
486 3949 687 4015 occasionem
712 3948 875 4013 scribendi
897 3971 955 4037 pro
978 3947 1231 4014 necessitudinis
1255 3949 1324 4012 iure
1348 3947 1581 4035 perquirimus,
1611 3949 1755 4013 oblatam
1778 3955 1924 4035 praeter·
1960 3952 1972 4010 1

277 4058 408 4122 mittere
432 4077 496 4118 non
520 4053 691 4134 debemus,
714 4060 750 4117 ut
773 4053 888 4118 reddat
911 4054 1006 4117 nobis
1028 4051 1190 4138 quandam
1210 4054 1418 4139 praesentiae
1439 4053 1621 4139 portionem
1637 4074 1743 4116 sermo
1759 4051 1926 4131 mediator,

278 4163 332 4246 qui
356 4160 513 4223 emittitur
536 4164 569 4222 et
591 4178 656 4220 non
679 4157 849 4238 amittitur,
872 4157 1025 4221 tribuitur
1046 4163 1080 4221 et
1098 4156 1248 4237 hahetur,
1272 4156 1399 4219 videtur
1413 4155 1584 4222 discedere
1601 4177 1662 4220 nec
1678 4154 1813 4233 recedit,
1837 4177 1857 4218 a
1872 4177 1924 4218 rue

226 4282 251 4319 ³⁵
277 4265 437 4349 dirigitur,
465 4270 538 4327 ate
562 4262 749 4346 suscipitur,
778 4283 797 4324 a
821 4281 872 4324 me
896 4261 1059 4340 scribitur,
1087 4267 1162 4325 ate
1186 4261 1305 4345 legitur
1326 4281 1387 4324 nec
1410 4266 1520 4324 tamen
1544 4260 1709 4340 dividitur,
1737 4280 1810 4322 cum
1834 4258 1926 4342 quasi

278 4369 400 4432 divisus
431 4368 560 4450 integer
591 4365 760 4448 utriusque
796 4363 894 4427 eorde
928 4370 1094 4445 teneatur,
1130 4363 1207 4448 quia
1240 4364 1331 4427 verbi
1365 4385 1456 4427 more
1490 4363 1590 4429 divini
1625 4362 1764 4427 traditur
1798 4368 1831 4427 et
1863 4383 1926 4425 non

278 4471 455 4557 egreditur,
479 4470 644 4534 confertur
667 4467 824 4553 indigenti
847 4455 880 4530 ct
902 4489 967 4533 non
991 4468 1137 4533 aufertur
1158 4468 1293 4548 auctori,
1317 4469 1507 4554 accipientis
1523 4468 1649 4531 lucrum
1667 4468 1736 4531 sine
1755 4465 1925 4552 dispendio

278 4575 458 4660 largientis,
481 4573 588 4637 ditans
612 4573 742 4657 inopem
765 4594 826 4637 nec
849 4578 1023 4637 attenuans
1047 4592 1281 4659 possessorem.

281 4702 337 4707 .--
361 4697 689 4706 -—-.-————-—

383 4765 395 4815 1
417 4764 460 4817 Ps.
479 4761 570 4826 CXLI,
588 4762 612 4815 8.
700 4764 734 4816 15
752 4761 795 4815 Pe.
815 4760 899 4824 LXII,
917 4760 943 4815 4.

378 4885 528 4953 3poasit0
605 4886 726 4936 dicereG
838 4883 1025 4935 barcisitiouie
1040 4884 1071 4949 0,
1088 4886 1216 4951 cf.rupra
1230 4904 1258 4951 p.
1274 4888 1337 4948 308,
1355 4885 1417 4937 lt?
1530 4882 1690 4950 lquomodo
1708 4886 1792 4936 uoluit
1810 4882 1926 4951 redemit]

279 4975 429 5038 Mearmsea,
446 4974 571 5040 quomodo
584 4972 663 5039 nouill
675 4998 741 5023 m·
753 4969 763 5040 ll
772 4974 858 5024 uomit
873 4973 975 5023 redimit
986 4971 1017 5035 θ,
1035 4973 1079 5038 qui
1092 4988 1132 5023 ure
1144 4973 1249 5023 donauit
1260 4975 1324 5037 ruta,
1341 4972 1410 5035 emit,
1428 4971 1534 5023 redemit
1545 4971 1664 5021 Oaaiciae
1753 4969 1783 5020 ll
1801 4987 1893 5022 acerne
1906 4972 1929 5020 G

280 5061 313 5112 1‘2
330 5061 471 5113 uestrusG
522 5057 622 5126 delleta]
639 5059 688 5122 0²,
705 5059 798 5110 dedere
813 5059 853 5109 61¹
947 5054 980 5108 14
998 5058 1084 5123 sinuo,
1101 5058 1221 5109 ranst}
1272 5076 1312 5110 me
1330 5054 1413 5124 ureae]
1426 5057 1576 5120 Moatmaca,
1588 5057 1698 5108 1110an
1784 5056 1817 5108 16
1835 5065 1929 5124 tempo·

279 5146 385 5215 ralibus]
404 5149 451 5199 rali
468 5149 496 5198 in
513 5165 567 5198 ros.
581 5147 605 5196 O
709 5143 742 5196 18
759 5142 966 5209 consolemus]0
1078 5142 1111 5195 19
1128 5146 1303 5211 promissan
1417 5143 1450 5195 21
1468 5161 1514 5195 rex
1532 5143 1658 5194 hibentG
1770 5141 1805 5193 ‘22
1822 5150 1868 5192 aut
1884 5150 1930 5193 aut

279 5235 438 5286 cadamusO
551 5231 586 5283 24
604 5231 684 5299 haud]
704 5231 863 5298 Lr'a'tjohaaa,
880 5239 911 5283 ut
925 5231 956 5295 O,
973 5248 1025 5281 non
1045 5231 1164 5282 &aicius
1232 5233 1303 5284 iret}
1417 5229 1452 5281 25
1469 5229 1509 5296 ut]
1528 5229 1589 5280 &G
1700 5226 1735 5280 26
1752 5229 1845 5280 acerba
1862 5245 1929 5279 conr·

280 5322 428 5372 memoratio
446 5317 554 5384 diutina]
574 5318 724 5381 olomucen,
742 5319 947 5370 commemoratio
964 5318 1066 5368 diutina
1078 5318 1154 5369 cebra
1169 5319 1200 5382 0,
1212 5319 1416 5371 commemoratio
1431 5318 1530 5368 diutina
1542 5317 1632 5367 crchra
1646 5315 1764 5365 Cbnr‘rius
1827 5312 1928 5381 leniret]

279 5407 428 5465 Motatorem,
446 5407 537 5456 leniret
548 5406 608 5456 etO
694 5404 726 5456 ‘27
745 5405 841 5472 ergoG
893 5404 1061 5455 deuixeratG
1145 5402 1180 5455 28
1198 5406 1397 5458 dilectioncmG
1482 5401 1515 5453 31
1536 5403 1689 5453 namacioff
1786 5398 1821 5451 32
1839 5402 1883 5467 qni
1897 5429 1929 5436 —

279 5492 313 5544 38
330 5489 509 5559 possessorem]
528 5500 563 5542 eat
580 5492 654 5556 prior
672 5492 795 5556 effetatae
813 5491 855 5554 ΙΙ,
866 5494 899 5541 36
911 5507 979 5555 part
1092 5488 1126 5542 33
1144 5491 1276 5559 mediator]
1296 5493 1446 5552 Motnmsea,
1462 5490 1600 5542 meditatur
1614 5488 1646 5550 0,
1662 5488 1737 5553 infra
1750 5488 1791 5551 II,
1803 5490 1835 5538 36
1852 5488 1929 5538 medi·

280 5589 345 5631 tator
357 5581 388 5641 6,
406 5580 541 5630 meditatus
562 5579 680 5629 Oaat'aiua
783 5577 817 5629 34
839 5577 1026 5629 admittiturG
1077 5579 1249 5632 tribueturO
1300 5580 1448 5632 discendere
1468 5577 1500 5640 O,
1515 5584 1544 5625 et
1561 5575 1635 5641 infra
1654 5573 1696 5638 II,
1712 5577 1747 5625 36
1841 5570 1875 5623 36
1893 5574 1929 5623 in-

279 5665 359 5734 teger]
378 5677 463 5717 unica
482 5667 543 5716 add.
564 5665 604 5729 II,
622 5669 654 5717 36
758 5663 792 5716 38
810 5662 918 5731 dictans]
940 5666 972 5729 G,
989 5674 1018 5716 ut
1034 5665 1109 5732 infre
1128 5665 1169 5730 II,
1186 5671 1220 5720 36
1289 5675 1367 5734 negat
1384 5673 1493 5716 tonnano
1513 5662 1537 5713 G

1668 5778 1725 5831 40*
