4462 6216
291 338 352 400 290
802 330 932 388 FAUSTI
951 332 1191 398 ALIOItUMQUE
1208 331 1418 388 aelstanus.

180 494 215 568 G
293 508 454 592 putaverit
477 507 664 571 fraternitas
688 513 753 582 tua,
778 514 834 570 aut
857 506 1072 593 subscriptam
1096 528 1194 571 manu
1219 507 1349 592 propria
1373 527 1449 570 mox
1474 506 1617 570 remittat
1640 512 1697 570 aut
1720 503 1943 591 sequentibus

241 611 418 696 ISscriptis
442 612 571 675 omnino
595 633 630 674 se
654 611 856 696 improbasse
880 608 1085 695 respondeat.
1131 610 1216 695 quod
1242 611 1269 672 si
1293 631 1365 673 eam
1389 609 1621 694 subscriptam,
1653 616 1688 672 ut
1710 608 1795 683 dixi,
1827 614 1942 672 trans-

291 714 419 778 mittere
452 715 611 791 nolueris,
644 721 756 800 aperte
787 713 894 778 adhuc
923 720 955 776 te
986 713 1018 776 in
1049 734 1159 779 errore
1186 714 1362 799 persistere
1392 712 1460 798 ipso
1489 713 1620 776 silentio
1648 711 1877 798 comprobabis
1901 733 1943 777 ac

291 817 427 903 proinde
457 820 522 882 ism
552 819 784 883 necessitatem
815 818 895 881 mihi
925 816 1027 881 facies
1055 817 1096 880 ad
1125 838 1299 902 personam
1333 824 1422 880 tuam
1456 815 1594 901 publicis
1627 815 1841 880 conventibus
1878 836 1941 879 ex·

241 921 484 1006 ltiponendam.
529 928 562 986 et
583 921 655 986 ideo
678 921 854 985 secundum
876 921 959 985 haee
982 941 1066 1005 quae
1090 941 1110 984 a
1133 941 1184 984 mc
1212 927 1287 984 sunt
1316 919 1439 984 directa
1471 920 1628 994 rescribe,
1660 926 1696 983 ut
1718 940 1772 994 ca,
1804 919 1942 983 remotis
1983 933 1995 970 ⁵

291 1025 543 1101 circuitionibus,
567 1032 623 1089 sut
646 1045 806 1110 agnosces
830 1031 886 1088 aut
908 1045 1054 1109 respuas.

239 1131 280 1192 20
393 1128 496 1193 Item
521 1128 603 1192 alia
624 1148 757 1192 manu:
792 1126 933 1192 Faustus
958 1127 1126 1215 exemplar
1148 1126 1307 1214 epistulae
1331 1148 1425 1192 meae
1449 1126 1552 1214 relegi
1575 1134 1609 1191 et
1631 1125 1816 1214 subscripsi.

1063 1422 1156 1490 XIX.

267 1659 269 1664 .
340 1577 531 1642 DOMINIS
551 1576 836 1642 BEATISSIMIS
858 1576 915 1640 ET
937 1577 984 1640 IN
1006 1576 1201 1641 CHRISTO
1224 1576 1634 1642 REVERIINTISSIMIS
1659 1576 1885 1642 PATRIBUS

293 1681 535 1753 EUFRONIO,
549 1679 758 1760 LEONTIO,
773 1679 980 1752 FONTEIO,
992 1678 1223 1750 VIVENTIO,
1238 1678 1469 1760 nannete,
1484 1679 1937 1757 PATIENTLVERIANO.
1968 1696 1992 1734 ¹⁰

292 1784 509 1865 AUXANIO,
538 1783 726 1864 FAUSTO,
758 1782 919 1857 PAULO,
949 1782 1198 1855 hIEGETHIO,
1229 1782 1421 1861 GRAECO,
1455 1783 1693 1861 EUTROPIO,
1726 1783 1939 1860 LEONTIO,

292 1887 504 1967 CLAUDIO,
547 1886 803 1964 MARCELLO,
845 1886 1003 1961 OROCO,
1045 1886 1238 1963 BASILIO,
1282 1886 1493 1953 CLAUDIO.
1531 1886 1756 1963 URSICINO,
1800 1888 1939 1952 PRAE-

292 1990 513 2065 TEXTATO,
549 1988 826 2068 PRAGMATIO,
857 1989 1166 2070 THEOPLAS'I'O,
1202 1988 1442 2065 LEUCADIO,
1470 1990 1700 2069 VlVENTlO,
1734 1991 1940 2067 IULIANO,

513 2092 726 2172 AMICAM,
756 2092 927 2175 IOANNI,
957 2092 1158 2158 OPILIONI
1188 2092 1245 2156 ΕΤ
1273 2092 1446 2158 LICINIO
1477 2094 1705 2159 EPISCOPIS

862 2196 1057 2261 LUGIDUS
1088 2195 1363 2260 PRESBYTER.
1968 2212 1992 2251 n

265 2340 275 2398 1
398 2311 592 2410 Connnnno
616 2350 726 2408 restra
749 2344 837 2408 salus
861 2343 992 2429 publica
1015 2350 1048 2408 et
1070 2344 1233 2409 sententia
1256 2350 1365 2407 vestra
1390 2343 1551 2409 medicina
1581 2352 1641 2408 est.
1691 2343 1777 2409 unde
1808 2351 1842 2409 ot
1874 2365 1938 2429 ego

291 2468 452 2511 summum
475 2446 656 2512 remedium
680 2446 774 2527 duco,
798 2454 833 2511 ut
857 2449 1052 2533 praeteritos
1077 2470 1202 2512 errores
1227 2448 1410 2512 accusando
1435 2470 1588 2514 excusem
1613 2455 1646 2511 ct
1670 2448 1840 2512 salutifera
1860 2470 1940 2534 pro-

292 2551 436 2616 fessione
459 2572 511 2615 me
536 2551 667 2617 diluam.

261 2656 281 2716 2
393 2652 533 2718 Proinde
569 2655 662 2718 iuxta
700 2654 910 2741 praedicandi
947 2655 1091 2720 recentia
1128 2661 1251 2719 statuta
1284 2655 1411 2719 concilii
1443 2655 1562 2719 damno
1601 2655 1769 2719 vobiscum
1805 2675 1940 2719 sensum

291 2758 382 2822 illum
405 2758 459 2842 qui
482 2756 569 2837 dicit,
593 2758 739 2823 laborem
763 2759 924 2822 humanae
948 2757 1174 2823 oboedientiae
1197 2758 1327 2823 divinae
1351 2759 1476 2843 gratiae
1500 2779 1564 2822 non
1588 2779 1661 2822 esse
1685 2756 1896 2843 iungendum.
1970 2772 1996 2812 ²⁰

262 2862 281 2925 3
395 2859 457 2933 Qui
481 2860 559 2926 dicit
581 2868 655 2947 post
677 2862 772 2946 primi
795 2861 935 2925 hominis
959 2863 1087 2947 lapsum
1111 2884 1153 2927 ex
1177 2868 1244 2925 toto
1268 2862 1437 2926 arbitrium
1461 2861 1637 2926 voluntatis
1661 2862 1870 2925 exstinctum.

261 2967 280 3026 t
395 2963 457 3038 Qui
486 2965 579 3043 dicit,
611 2964 695 3050 quod
716 2963 866 3029 Christus
897 2964 1045 3029 dominus
1076 2972 1109 3029 et
1139 2965 1282 3029 salvator
1310 2970 1422 3029 noster
1450 2971 1586 3029 mortem
1615 2986 1680 3028 non
1708 2986 1765 3050 pro
1793 2965 1940 3028 omnium

290 3067 394 3131 salute
419 3070 607 3154 susceperit

262 3174 282 3234 5
395 3169 459 3243 Qui
481 3171 571 3251 dicit,
593 3170 680 3255 quod
702 3171 920 3256 praescientia
944 3171 995 3234 dci
1019 3170 1183 3236 hominem
1202 3173 1361 3235 violenter
1377 3172 1551 3258 compellat
1573 3171 1614 3235 ad
1630 3177 1766 3235 mortem
1784 3170 1835 3234 rel
1851 3170 1943 3256 quod

291 3273 343 3339 dei
366 3281 502 3359 pereant
525 3275 692 3338 voluntate
716 3274 770 3358 qui
794 3281 943 3359 pereunt.
1970 3287 1997 3327 ²³

259 3380 278 3441 6
392 3376 456 3450 Qui
490 3376 585 3459 dicit,
626 3376 710 3463 quod
746 3385 821 3463 post
857 3387 1027 3463 acceptum
1063 3378 1206 3463 legitime
1242 3379 1438 3464 baptismum
1471 3379 1502 3442 in
1535 3378 1640 3442 Adam
1673 3378 1831 3442 moriatur
1865 3378 1940 3463 qui·

291 3500 428 3564 cumque
453 3480 635 3566 deliquerit.

261 3585 278 3644 7
394 3582 456 3657 Qui
479 3582 559 3647 dicit
581 3585 661 3649 alios
685 3585 858 3671 deputatos
881 3583 922 3648 ad
948 3591 1095 3663 mortem,
1119 3585 1200 3655 alios
1224 3584 1386 3649 advitam
1411 3584 1683 3671 praedestinatos.

291 3733 700 3742 ————-—-—

394 3821 583 3892 lsuscriptaG
667 3824 817 3877 2siom.G
864 3830 992 3880 remittere
1002 3828 1035 3878 11
1115 3825 1299 3895 ipnhlicesG
1379 3826 1447 3893 but]
1460 3828 1618 3891 Gltuuum
1628 3827 1760 3879 Beronices
1805 3829 1941 3893 muro-tis,

289 3930 343 3964 rus.
355 3931 368 3964 r
382 3909 408 3962 G
500 3910 517 3962 o
535 3910 649 3979 respuas]
663 3931 693 3978 p.
707 3916 742 3964 48
759 3914 858 3975 desinit,
871 3932 900 3979 p.
913 3918 947 3965 49
957 3916 1137 3981 ,fragmentum
1150 3915 1255 3980 prologi
1272 3912 1466 3964 Beudouiuiuai
1483 3914 1538 3964 ulia
1555 3930 1636 3964 mauu
1652 3915 1774 3980 seriptum
1791 3922 1901 3980 occupat
1914 3910 1941 3965 G

291 3997 305 4049 7
324 4000 384 4049 item
396 4025 430 4032 —
444 3995 595 4064 subscripsi]
615 3997 677 4048 haec
695 3998 722 4047 ia
739 3999 823 4050 codice
837 4017 866 4065 p.
880 4004 929 4052 328
940 4001 1054 4067 epistulis
1067 4000 1103 4050 ad
1116 3999 1278 4050 Desiderium
1291 4000 1358 4049 dctis
1371 3999 1416 4065 (cf.
1431 4000 1557 4063 Canities,
1574 4000 1641 4052 Lect.
1654 4011 1706 4051 cut.
1723 4000 1751 4065 V,
1767 4018 1793 4067 p.
1808 4000 1865 4064 tot)
1879 4001 1939 4051 suh-

289 4085 376 4136 iuacta
388 4093 455 4142 urat,
471 4101 536 4149 quae
548 4083 641 4134 betur·
656 4084 766 4150 epistile
783 4087 874 4152 excipit
887 4083 920 4149 G,
938 4086 1013 4137 habet
1026 4084 1063 4148 ΙΙ,
1080 4086 1207 4137 auxanius
1225 4087 1253 4135 in
1270 4086 1359 4136 christi
1378 4087 1480 4136 nomine
1497 4087 1632 4153 episeopus
1649 4088 1729 4154 relegi
1746 4094 1772 4138 et
1789 4086 1940 4153 subscripsi.

290 4172 390 4222 faustus
406 4171 537 4236 exemplar
555 4170 676 4236 epistolae
694 4187 765 4222 meae
783 4173 861 4238 relegi
880 4181 905 4224 et
922 4173 1070 4240 subscripsi.
1106 4174 1199 4239 paulus
1220 4173 1355 4239 episcopus
1373 4173 1399 4222 in
1418 4173 1507 4223 christi
1523 4174 1626 4224 nomine
1646 4174 1726 4240 relegi
1745 4180 1772 4224 et
1789 4172 1940 4239 subscripsi.

289 4257 421 4323 suuopius
432 4257 458 4306 iu
469 4257 572 4307 nomine
581 4257 668 4307 christi
678 4258 813 4324 episcopus
825 4259 904 4325 relegi
915 4266 941 4310 et
951 4260 1097 4325 subscripsi.
1122 4259 1279 4325 pragmatius
1291 4259 1318 4308 in
1330 4258 1418 4309 christi
1430 4259 1503 4324 signo
1516 4260 1650 4325 episeopus
1662 4260 1741 4325 relegi
1752 4265 1778 4309 et
1790 4258 1940 4325 subscripsi.

290 4344 389 4416 passm
406 4343 433 4392 in
450 4342 545 4393 christe
564 4343 699 4409 episcopus
716 4343 796 4410 relegi
815 4351 841 4394 et
858 4345 1008 4411 subscripsi.
1038 4345 1197 4411 euphronius
1214 4345 1294 4410 relegi
1318 4352 1344 4394 et
1366 4344 1506 4395 admiratus
1527 4361 1583 4395 sum
1607 4344 1791 4411 plenitudinem
1814 4351 1940 4395 sancum.

290 4429 435 4496 megethius
453 4430 588 4496 episcopus
606 4430 686 4497 relegi
704 4438 731 4481 et
748 4431 897 4497 subscripsi.
927 4431 1045 4482 claudius
1065 4432 1091 4481 in
1110 4431 1212 4481 nomine
1230 4431 1319 4481 christi
1337 4431 1472 4496 episcopus
1490 4431 1569 4496 relegi
1588 4439 1613 4482 et
1630 4431 1776 4498 subscripsi.
1806 4429 1942 4481 leucadius

290 4517 316 4566 in
341 4517 442 4566 nomine
466 4515 554 4566 christi
578 4517 712 4583 episcopus
733 4518 813 4584 relegi
837 4524 862 4568 et
887 4518 1034 4584 subscripsi.
1073 4518 1184 4568 iuliunus
1208 4518 1235 4568 iu
1260 4517 1362 4567 nomine
1385 4517 1472 4568 olrristi
1496 4518 1631 4584 episeopus
1653 4518 1799 4583 subscripsi.
1836 4516 1941 4569 lucidus

290 4604 423 4671 presbyter
433 4603 511 4669 relegi
521 4611 546 4654 et
556 4605 694 4672 subscripsi
704 4606 849 4656 Burouiur:
861 4604 1064 4670 athrcriptiouss,
1076 4621 1141 4669 quus
1152 4603 1311 4653 [lineatores
1320 4620 1416 4667 qumque
1425 4603 1559 4668 iquorucit,
1570 4602 1733 4664 Sirmondus,
1744 4602 1800 4653 aar.
1806 4602 1940 4667 praedest.

288 4709 309 4741 c.
330 4689 387 4740 VII
403 4687 510 4754 (Mipae,
531 4688 630 4741 Putrol.
644 4692 688 4741 lut.
702 4690 786 4754 LIII,
801 4710 828 4757 p.
842 4689 904 4754 683)
924 4699 952 4740 ut
970 4691 1073 4756 spurius
1091 4689 1194 4740 delerit:
1216 4697 1274 4738 sunt
1292 4698 1376 4739 autem
1395 4706 1426 4739 eu
1444 4690 1554 4754 epistula
1567 4687 1640 4737 XIX
1650 4689 1745 4754 petitus
1807 4689 1900 4755 exenrp
1914 4687 1941 4742 G

288 4776 363 4844 religi
385 4784 411 4827 et
433 4776 551 4843 subscrip
570 4772 596 4825 G
724 4776 741 4827 8
764 4779 856 4829 tauma
872 4778 979 4843 serunt:
1005 4777 1193 4827 IIIIBMPLAR
1217 4776 1408 4825 EI'ISTULAE
1430 4777 1546 4826 LUCllll
1569 4761 1647 4825 I'Rffl
1667 4770 1700 4836 G,
1723 4776 1784 4826 item
1807 4777 1941 4842 exemplar

288 4862 367 4913 libelli
385 4863 465 4914 lucidi
484 4863 626 4929 presbytcri
639 4861 672 4911 II
770 4860 786 4911 9
805 4865 952 4916 reuerendis
970 4864 1103 4915 Berenice
1216 4863 1248 4915 10
1265 4866 1382 4917 eufronio
1407 4892 1432 4901 -
1453 4864 1486 4915 15
1504 4861 1648 4932 presbyter]
1666 4866 1790 4929 eufronio,
1813 4865 1940 4929 uiuentio,

288 4949 400 5012 ueriauo,
418 4950 504 5015 paulo,
523 4949 646 5014 eutropio,
664 4949 792 5012 marcello,
811 4950 921 5015 claudio,
939 4951 1043 5015 leontio,
1061 4959 1192 5015 marnerto,
1210 4953 1330 5016 auxanio,
1350 4953 1467 5018 megetio,
1485 4952 1588 5010 leontio,
1605 4968 1688 5014 croco,
1706 4952 1825 5014 ursicino,
1843 4952 1940 5013 iouteo,

288 5035 405 5100 patienti,
429 5037 522 5097 lausto,
547 5051 646 5101 graecis,
670 5036 780 5099 claudio,
798 5037 901 5100 basilio,
918 5044 1085 5102 praetextato,
1104 5038 1254 5104 pragmatio,
1273 5039 1396 5101 uiueutio,
1415 5039 1501 5088 ioanni
1518 5038 1645 5104 episcopo,
1664 5038 1814 5103 theoplasto,
1832 5037 1940 5103 iuliano,

288 5121 402 5187 opilioni,
420 5122 541 5186 leocadio,
559 5122 660 5172 amicali
678 5130 704 5172 et
721 5122 808 5173 licinio
826 5122 981 5189 presbyteris
999 5123 1103 5174 lucidus
1115 5123 1147 5172 H
1206 5123 1301 5175 leontio
1319 5124 1461 5190 euphronio
1474 5123 1606 5174 Bcroaius
1668 5139 1792 5174 mamerco
1805 5122 1941 5176 Berenice

289 5208 387 5258 uiriano
406 5207 537 5259 Barcaius
674 5206 704 5257 11
727 5210 840 5260 ιιικίιιιο
860 5205 903 5259 G¹
1004 5211 1113 5276 megetio
1136 5212 1213 5276 paulo
1232 5209 1365 5260 Buroru'us
1463 5211 1552 5261 basilio
1576 5210 1671 5260 leontio
1696 5210 1798 5261 claudio
1821 5210 1940 5263 leucadio

288 5294 430 5361 pragmatio
449 5296 568 5346 marcello
588 5303 743 5362 praetextato
761 5296 858 5347 iuliano
876 5296 976 5346 amiculi
994 5297 1080 5347 ioanni
1103 5298 1208 5364 opilioni
1230 5298 1316 5348 licinio
1340 5297 1456 5348 uiuentio
1478 5296 1638 5362 theophlasto
1660 5296 1785 5363 episcopis
1803 5294 1939 5348 Barantea

290 5378 322 5431 1⁸2
340 5376 472 5431 busolioG
532 5377 713 5446 pretextatoG
813 5378 1050 5432 latescentem!
1107 5385 1242 5447 usuentio,
1260 5401 1313 5435 rus.
1333 5388 1372 5435 u?
1390 5380 1431 5435 G¹
1533 5380 1565 5433 14
1582 5383 1678 5449 opiloni
1695 5400 1763 5434 corr.
1775 5383 1881 5449 opilioni
1895 5378 1938 5433 G¹

287 5466 383 5532 lycinio
397 5462 423 5515 G
501 5463 640 5534 episcopG
757 5466 789 5518 15
806 5452 863 5534 prbi
877 5463 911 5530 G,
935 5485 984 5517 ont.
1003 5468 1136 5519 Berenice
1250 5466 1281 5520 17
1300 5471 1459 5521 consessione
1480 5469 1609 5519 Beronices
1730 5467 1761 5518 19
1783 5469 1893 5520 lecentia
1913 5467 1940 5521 G

287 5549 322 5603 ab
339 5552 465 5603 humanae
483 5551 642 5606 obedientiae
659 5555 771 5607 lahorem
784 5553 916 5607 Beronices
1014 5551 1048 5607 22
1065 5553 1196 5624 dominus]
1216 5575 1262 5607 cns.
1278 5556 1410 5609 Borcaius
1509 5553 1544 5605 ‘23
1561 5551 1707 5607 salutemG
1805 5552 1840 5605 ‘25
1857 5554 1939 5625 quod]

288 5655 347 5691 cum
365 5637 426 5689 cdd.
445 5636 578 5692 Bai-ouius
