4462 6216
339 381 400 443 160
732 408 737 418 ·
986 373 1123 430 SIDONIl
1140 371 1399 429 EPISTULARUM

334 548 429 613 minis
456 549 561 636 ipsius
591 551 766 636 operisque
794 555 941 614 reseratu
972 549 1062 613 illam
1088 549 1169 613 mihi
1200 548 1303 614 fuisse
1328 548 1403 633 plus
1427 547 1516 612 oneri
1541 565 1639 630 quam
1662 541 1880 630 praetenditis
1904 539 1985 604 cari·

334 656 446 718 tatem.
495 673 556 717 nec
586 653 667 717 citra
702 654 824 718 iustum
855 653 918 716 ista
945 651 1088 733 conicio,
1123 651 1385 738 quandoquidem
1416 650 1601 715 mortalium
1633 646 1797 712 mentibus
1826 644 1876 709 vis
1906 642 1988 710 haec

197 819 203 833 ,
284 760 303 819 3
336 756 531 820 naturalitus
554 758 653 829 inest,
681 764 731 836 ut,
756 757 783 821 si
806 755 884 841 quid
907 776 1080 842 perperam
1103 756 1175 835 fiat,
1199 758 1305 820 miuus
1329 754 1521 838 indulgeant
1544 754 1617 839 plus
1641 751 1746 816 amici.
1791 748 1988 835 scripseram

335 860 464 939 librum,
489 859 571 923 sicut
594 861 822 945 pronuntiatis,
846 859 980 945 plenum
1004 866 1222 944 onustumque
1240 859 1329 922 vario
1353 879 1525 922 causarum
1550 864 1732 941 temporum
1756 871 1988 939 personarum-

272 1013 275 1017 .
335 985 397 1049 que
414 970 584 1047 congestu:
607 965 753 1028 facturus
770 984 837 1028 rem
856 961 992 1027 videbar
1009 961 1336 1047 impudentissimam,
1361 963 1530 1025 sitantum
1546 959 1624 1023 mihi
1641 964 1759 1023 cuncta
1774 955 1989 1045 placuissent,
2026 966 2031 1003 ²

334 1067 483 1131 utnulla
506 1066 566 1130 tibi
589 1065 792 1152 displicitura
816 1066 1031 1142 confidercm;
1054 1066 1117 1130 huc
1141 1067 1230 1146 item,
1255 1067 1403 1152 quisquis
1425 1064 1535 1129 iudicii
1557 1070 1697 1138 eventus
1709 1063 1806 1141 foret,
1828 1058 1897 1123 vidi
1912 1079 1987 1144 par·

335 1171 423 1235 tibus
447 1169 529 1234 meis
553 1190 759 1254 nequaquam
783 1170 915 1256 pietatis
939 1189 981 1232 ex
1005 1169 1109 1233 solido
1132 1178 1283 1234 constare
1307 1169 1478 1248 rationem,
1509 1168 1536 1230 si
1560 1189 1625 1232 non
1648 1165 1757 1229 saltim
1781 1162 1875 1228 vobis
1898 1166 1989 1227 esset

336 1274 482 1338 anterius
505 1273 641 1337 allatum
661 1272 824 1338 volumen.
848 1275 911 1337 etsi
935 1295 998 1337 non
1023 1272 1187 1338 videretur·
1210 1273 1371 1337 oblatum:
1397 1272 1457 1337 sub
1481 1273 1542 1336 boc
1567 1271 1693 1336 scilicet
1714 1273 1988 1357 temperamento,

333 1384 384 1458 ut,
407 1378 434 1440 si
457 1376 541 1441 forte
565 1377 777 1462 placuissem,
802 1399 866 1442 non
891 1399 948 1441 vos
972 1379 1158 1462 arrogantia
1181 1377 1393 1463 praeterisse,
1423 1377 1449 1439 si
1474 1396 1586 1451 secus,
1618 1395 1682 1439 non
1706 1395 1766 1438 vos
1789 1370 1987 1458 improbitas

284 1485 303 1542 4
336 1480 504 1565 expetisse
527 1479 736 1546 iudicaretur.
780 1502 839 1544 nec
864 1502 942 1544 sane
966 1482 1067 1545 multo
1090 1480 1202 1544 labore
1227 1503 1278 1544 me
1302 1479 1426 1545 credidi
1450 1479 1700 1566 deprecaturum
1724 1479 1845 1541 vitatas
1869 1494 1989 1540 causas
2016 1487 2031 1524 ¹⁴

335 1582 559 1648 erubescendi.
598 1584 720 1669 pariter
743 1583 824 1649 illud
847 1605 944 1649 nosse
969 1606 1025 1648 vos
1047 1605 1212 1657 noveram,
1237 1583 1323 1669 quod
1338 1591 1491 1648 auctores
1508 1584 1541 1647 in
1558 1582 1712 1670 operibus
1729 1579 1866 1645 edendis
1882 1576 1989 1664 pudor

335 1687 443 1771 potius
473 1707 569 1770 quam
598 1687 781 1750 constantia
814 1686 910 1752 decet
940 1687 1090 1773 quodque
1121 1688 1246 1752 tetricis
1276 1694 1395 1774 puncta
1426 1687 1617 1752 censoribus
1648 1683 1772 1749 tardius
1801 1681 1988 1769 procacitas

336 1790 518 1855 recitatoris
547 1811 642 1875 quam
666 1790 840 1876 trepidatio
865 1791 1007 1855 excudit.
1053 1790 1212 1875 alioquin,
1242 1792 1269 1855 si
1292 1791 1364 1876 quis
1394 1797 1444 1855 est
1472 1792 1528 1855 ille
1552 1790 1607 1876 qui
1631 1810 1704 1853 cum
1727 1785 1867 1852 fiduciae
1889 1805 1988 1872 prac-

338 1892 487 1977 rogativa
511 1893 664 1959 thematis
687 1900 763 1958 ante
786 1893 923 1958 inauditi
945 1915 1046 1980 opera
1069 1894 1250 1979 pervulgat,
1275 1894 1389 1980 incipit
1411 1893 1632 1981 expectationi
1648 1891 1811 1979 publicae,
1835 1888 1987 1976 quemvis

335 1996 470 2060 solverit
501 1997 618 2073 multa,
656 1997 749 2081 plura
784 1995 966 2062 redhibere.
1013 2003 1186 2083 praeterea
1214 1996 1368 2082 quioquid
1400 2018 1499 2082 super
1526 1997 1664 2060 huiusce
1692 1994 1845 2080 rescripti
1873 1998 1988 2058 tenore
2015 2006 2031 2044 ¹³

285 2103 298 2117 '
336 2100 517 2177 censueris,
548 2100 645 2163 malui
677 2099 799 2163 factum
830 2100 976 2164 confiteri
1000 2099 1192 2185 simpliciter
1216 2120 1311 2186 quam
1336 2100 1512 2164 trebaciter
1534 2099 1677 2164 diffiteri.
1723 2099 1862 2163 dixisset
1885 2096 1987 2161 alius:

334 2203 519 2267 “neminem
554 2202 612 2266 tibi
645 2204 800 2288 praetuli,
835 2205 942 2267 nullas
976 2203 1016 2268 ad
1046 2205 1150 2267 ullum
1179 2204 1361 2288 peculiares
1391 2204 1517 2268 litteras
1549 2202 1639 2268 dedi:
1675 2224 1773 2288 quem
1803 2200 1988 2288 praelatum

336 2305 562 2391 suspicabare,
591 2307 688 2370 unius
719 2306 880 2392 epistulae
908 2308 1014 2370 forma
1037 2313 1210 2371 contentus
1234 2306 1413 2385 abscessit,
1444 2314 1542 2391 atquc
1567 2329 1606 2370 ea
1629 2305 1760 2391 quidem
1783 2304 1865 2369 nihil
1889 2324 1989 2390 super

335 2410 500 2495 praesenti
522 2410 654 2494 negotio
678 2409 865 2475 deferente:
893 2419 938 2489 tu,
964 2412 1018 2496 qui
1041 2416 1074 2475 te
1099 2413 1245 2496 quereris
1270 2412 1437 2490 onrissum,
1466 2411 1570 2474 tribus
1594 2407 1834 2496 loquacissimis
1857 2406 1988 2493 paginis

335 2512 490 2597 fatigatus
513 2513 622 2598 potius
646 2514 678 2576 in
701 2514 849 2577 nausiam
873 2515 1058 2590 concitaris,
1090 2514 1166 2579 dum
1192 2516 1382 2600 frequenter
1404 2516 1547 2580 insulsae
1579 2515 1728 2578 lectionis
1750 2511 1859 2577 verbis
1882 2512 1988 2576 inani·
2014 2525 2031 2564 ‘2¹

336 2616 396 2680 bus
421 2617 612 2680 immoraris.
656 2616 754 2695 adde,
779 2618 976 2701 quinetiam
1001 2620 1033 2682 in
1057 2619 1131 2698 hoc,
1162 2617 1247 2704 quod
1272 2620 1407 2683 forsitan
1432 2641 1494 2683 non
1519 2619 1653 2695 notasti,
1682 2617 1887 2681 reverentiae
1911 2622 1988 2681 tuae

336 2719 590 2804 meritorumque
614 2721 696 2784 ratio
721 2726 851 2784 servata
880 2729 945 2801 est,
978 2721 1063 2806 quod
1096 2723 1179 2785 sicut
1208 2729 1242 2785 tu
1271 2722 1451 2786 antistitum
1481 2730 1663 2786 ceterorum
1692 2719 1873 2796 cathedris,
1902 2719 1992 2806 prior

334 2828 385 2886 est
416 2830 490 2885 tuus
521 2824 553 2885 in
582 2824 664 2887 libro
696 2825 818 2888 titulus.
870 2825 958 2888 illius
987 2845 1106 2888 nomen
1136 2825 1192 2887 vix
1226 2826 1329 2889 semel
1365 2832 1488 2889 tantum
1522 2832 1556 2888 ot
1589 2825 1651 2888 sibi
1677 2823 1842 2909 adscripta
1868 2821 1991 2908 pagina

283 2930 301 2989 6
336 2933 444 2993 sonat:
469 2933 525 2990 tuo
549 2934 681 3011 praeter
704 2927 761 2989 tibi
785 2926 958 3013 deputatas
982 2928 1171 3011 frequenter
1195 2927 1398 2992 illustrantur
1420 2929 1557 2992 alienae.
1596 2926 1675 2991 illud
1691 2926 1742 2989 his
1758 2927 1867 3011 iunge,
1891 2924 1989 3010 quod,

338 3030 365 3093 si
389 3029 467 3115 quid
490 3030 534 3094 ibi
558 3031 611 3093 vel
634 3031 812 3094 causaliter
834 3032 956 3117 placet,
987 3038 1021 3093 tu
1046 3051 1104 3115 per
1128 3031 1298 3095 eonsilium
1323 3052 1431 3094 meum
1455 3032 1599 3112 lectitas,
1630 3032 1686 3094 ille
1711 3028 1906 3114 quandoque
1929 3050 1990 3115 per
2015 3041 2031 3080 ²³

337 3132 532 3198 beneficium
560 3139 667 3213 tuum,
699 3134 754 3218 qui
781 3134 965 3198 munusculi
989 3134 1054 3198 mei
1078 3134 1242 3198 incassum
1266 3156 1400 3220 pressus
1425 3135 1546 3199 invidia
1569 3134 1709 3200 necdum
1732 3134 1773 3198 ad
1796 3133 1991 3197 facultatem

334 3235 480 3321 legendi,
508 3243 545 3300 ut
569 3238 725 3323 suspicor,
749 3238 854 3317 venit,
884 3259 957 3301 cum
980 3237 1101 3301 iamdiu
1124 3238 1194 3322 ipse
1217 3239 1408 3323 perveneris
1432 3239 1473 3302 ad
1497 3240 1624 3325 copiam
1648 3235 1879 3303 transferendi.
1924 3235 1989 3313 aio,

335 3345 499 3425 tamquam
527 3361 592 3404 uon
624 3341 666 3404 sit
697 3341 975 3427 autholographas
1006 3341 1213 3406 membranas
1237 3343 1467 3419 arbitraturus,
1499 3345 1526 3408 si
1549 3350 1674 3424 tamen,
1703 3341 1787 3426 quod
1811 3346 1888 3405 ante
1912 3360 1989 3426 per·

336 3463 462 3519 curras,
492 3444 542 3507 vel
567 3445 737 3530 exemplar
759 3446 940 3530 acceperit:
972 3466 1078 3530 neque
1102 3446 1189 3510 enim
1213 3448 1245 3509 in
1269 3447 1333 3525 his,
1365 3468 1449 3530 quae
1473 3447 1681 3526 tractaveris,
1711 3445 1779 3511 ulla
1803 3442 1989 3530 culpabitur

439 3649 453 3700 1
474 3658 600 3730 reserratu
619 3650 660 3701 F¹
747 3651 823 3701 michi
843 3652 866 3702 C
950 3651 1008 3716 plus
1025 3651 1105 3703 titisse
1124 3651 1152 3700 F
1234 3653 1305 3703 oneri
1322 3654 1412 3718 ertlpo;
1430 3655 1514 3705 oneris
1533 3652 1638 3704 MCFP
1756 3650 1855 3702 ‘leitra
1873 3668 1942 3702 corr.
1960 3666 1992 3702 cc

335 3772 402 3822 circa
415 3771 456 3822 F¹
522 3772 620 3823 corricio
639 3773 674 3833 tio
693 3773 721 3822 in
732 3789 787 3822 ros.
800 3771 857 3835 112)
870 3771 907 3834 11,
925 3771 1046 3823 corritlso
1064 3773 1090 3836 (c
1107 3782 1135 3823 at
1152 3773 1202 3825 rid.
1216 3790 1287 3846 eras,
1298 3774 1347 3837 0¹)
1362 3775 1385 3824 ι’
1445 3776 1485 3825 vis
1503 3776 1552 3825 boc
1569 3775 1720 3825 naturaliter
1734 3773 1761 3836 0,
1780 3774 1819 3823 vis
1837 3772 1913 3837 (base
1929 3770 1990 3835 ont.)

334 3887 451 3940 naturalr
469 3889 498 3939 F
619 3889 636 3942 4
654 3892 829 3959 pronunciatis
850 3889 902 3953 OF,
926 3889 1065 3956 proficiatis
1084 3892 1116 3954 P,
1138 3842 1293 3958 pronuncidb
1312 3893 1343 3942 11
1351 3893 1358 3921 ¹
1481 3891 1498 3942 5
1516 3894 1592 3943 michi
1614 3895 1636 3944 ι’
1752 3890 1935 3942 licorrtitarem
1954 3891 1990 3954 (m

336 4027 403 4060 corr.
421 4011 449 4060 in
467 4029 480 4061 r
499 4011 547 4075 0²)
569 4012 591 4061 C
668 4012 761 4078 partile
779 4012 808 4061 in
825 4027 878 4061 ras.
897 4010 930 4060 11
935 4012 953 4074 ¹,
975 4012 1090 4078 patribus
1110 4013 1133 4062 0
1250 4012 1393 4065 8allatum
1411 4031 1458 4064 ona
1481 4017 1503 4065 ι’
1586 4015 1701 4065 ablutum
1719 4012 1748 4063 F
1832 4012 1995 4064 videlicetO

335 4128 518 4197 ilarroguncia
536 4131 564 4181 F
629 4134 780 4197 praeterisse
797 4130 886 4197 (posta.
906 4150 920 4184 e
938 4134 966 4182 in
982 4132 1140 4199 ror.P³)P
1207 4137 1228 4184 si
1246 4150 1321 4185 secus
1335 4132 1392 4195 FP,
1409 4135 1431 4184 si
1449 4134 1533 4185 secius
1551 4151 1617 4184 corr.
1636 4134 1663 4183 ia
1682 4134 1704 4184 si
1721 4132 1840 4184 secusM
1845 4133 1863 4195 ¹,
1887 4132 1938 4184 sisa
1955 4125 1991 4184 οἰ

336 4248 428 4314 (anam
452 4252 496 4301 lar.
520 4268 586 4302 eras.
607 4251 699 4313 0²)0
837 4250 872 4304 10
896 4254 1032 4319 expetiisse
1053 4253 1075 4303 C
1214 4252 1243 4302 ll
1270 4270 1304 4318 sq.
1329 4253 1422 4318 quodq;
1450 4260 1567 4304 auctores
1590 4269 1668 4317 rssqrve
1691 4253 1728 4301 ad
1750 4252 1894 4303 constantia
1919 4251 1992 4304 deest

330 4381 391 4439 port
416 4374 521 4424 excudit
547 4373 704 4439 transposita
729 4374 758 4424 in
782 4390 857 4423 suum
884 4374 966 4424 locum
992 4381 1156 4424 revocaverat
1176 4373 1210 4424 0¹
1235 4373 1301 4424 ιιοιίε
1325 4374 1460 4438 oppositis,
1487 4389 1551 4437 pstea
1574 4389 1641 4424 eros.
1661 4373 1698 4422 0²
1802 4372 1949 4424 constancia
1966 4370 1996 4424 F

337 4491 369 4544 12
387 4494 484 4546 tetricis
503 4492 526 4558 (s
544 4495 571 4544 iu
588 4511 642 4544 ras.
660 4493 711 4557 1³¹)
730 4494 755 4543 P
875 4491 908 4544 13
931 4494 1099 4560 trepidatione
1122 4492 1166 4556 (ne
1183 4510 1250 4543 eras.
1269 4493 1327 4558 M1)
1347 4493 1381 4542 11
1464 4495 1578 4545 excludit
1597 4492 1626 4543 F
1743 4491 1776 4544 14
1793 4510 1871 4559 opera
1887 4493 1993 4560 σαίρεις

335 4631 437 4721 peram
454 4612 558 4665 nors
631 4586 769 4679 provulgat
789 4612 838 4663 cr
946 4611 978 4664 ι’»
995 4612 1111 4664 rausero
1129 4612 1233 4664 nour
1305 4614 1392 4681 stripe
1413 4615 1458 4664 or
1555 4612 1600 4680 *rs
1617 4614 1728 4666 ascesa
1746 4614 1774 4664 a*
1840 4613 1921 4664 actu
1939 4612 1992 4678 cr,

335 4736 362 4785 nl
375 4734 404 4785 F
494 4732 527 4784 19
544 4735 647 4800 negotio
666 4732 695 4801 (g
713 4751 780 4785 cerv.
793 4733 921 4797 cxciv)
934 4733 973 4796 11,
990 4735 1135 4801 negocioO
1194 4736 1333 4786 disserente
1348 4736 1371 4785 0
1427 4745 1451 4786 te
1469 4755 1488 4785 a.
1503 4737 1520 4785 t.
1534 4733 1653 4785 1111Μ
1748 4731 1783 4783 20
1801 4750 1923 4785 nauseam
1934 4733 1996 4785 m?

336 4865 359 4907 ct
376 4872 443 4907 corr.
462 4871 494 4906 aa
511 4871 638 4906 nausuam
657 4854 683 4904 P
690 4855 698 4885 ¹
787 4855 923 4905 concitaris
946 4853 969 4918 (s
987 4855 1048 4907 odd.
1068 4855 1102 4904 11
1109 4854 1128 4917 ι)
1148 4855 1235 4918 MFP,
1262 4857 1386 4907 concitari
1406 4857 1428 4906 ι’
1506 4832 1605 4907 insulse
1623 4855 1679 4918 M1,
1707 4855 1804 4906 insulas
1822 4853 1860 4917 (es
1878 4871 1945 4905 corr.
1964 4855 1992 4905 ιἰι

336 4994 364 5028 se
376 4975 428 5040 1⁴¹²)
442 4974 471 5025 F
536 4975 694 5026 leccionisO
795 4972 827 5024 21
847 4975 874 5024 in
892 4975 940 5025 hoo
953 4974 1041 5039 MFP,
1065 4976 1143 5026 michi
1157 4977 1179 5027 C
1246 4977 1392 5027 reverencie
1405 4975 1433 5026 F
1533 4971 1774 5026 ravennianum
1794 4976 1871 5037 (tur.
1891 4974 1990 5026 toda

336 5105 358 5148 et
377 5114 420 5147 um
438 5096 535 5146 istros.
553 5094 714 5159 rrum,
735 5096 879 5146 avrtistitum
898 5094 1012 5159 (oratu)
1031 5097 1053 5146 0
1136 5096 1282 5147 chathedris
1302 5097 1325 5146 t)
1442 5093 1728 5162 repriorarem,
1753 5095 1993 5202 prioreuoorpce:

338 5217 447 5283 priorem
468 5216 506 5266 0¹
583 5217 683 5283 tytulus
700 5215 729 5266 F
800 5216 911 5282 ascripta
929 5215 986 5280 FP,
1003 5217 1128 5284 asscripta
1145 5216 1200 5268 MC
1310 5212 1345 5265 24
1366 5216 1476 5301 soletnat
1494 5214 1534 5264 F¹
1616 5215 1665 5265 hiis
1683 5214 1712 5264 F
1820 5213 1855 5267 25
1872 5216 1931 5296 quia
1948 5214 1990 5268 F¹

337 5334 509 5387 casualitch
523 5344 547 5386 et
564 5352 630 5385 corr.
644 5351 675 5385 cc
693 5335 829 5386 camalitcr
840 5333 875 5383 11
878 5335 886 5365 ¹
957 5334 1084 5386 basilium
1103 5354 1169 5387 corr.
1188 5353 1219 5387 ea
1237 5337 1357 5388 ct'rsilium
1374 5336 1413 5386 1²²
1484 5337 1527 5387 ille
1545 5353 1612 5387 corr.
1629 5352 1660 5386 ex
1678 5337 1721 5386 ills
1739 5337 1773 5387 0¹
1884 5334 1918 5388 27
1937 5355 1993 5404 per-

337 5456 438 5507 veneris
456 5457 511 5522 ipsc
528 5457 560 5506 ad
577 5457 689 5523 corpiam
708 5455 749 5506 F¹
837 5453 889 5522 aio]
912 5455 976 5506 addo
994 5456 1138 5507 Monttrrsen
1261 5455 1296 5507 28
1313 5465 1434 5522 tanquam
1453 5457 1481 5507 F
1564 5409 1597 5507 dit
1615 5414 1633 5506 h
1651 5466 1749 5523 transp.
1769 5457 1811 5507 1ΊΙι
1895 5459 1993 5510 autolo-

337 5576 447 5642 graphss
462 5576 513 5638 ΟΡ,
530 5577 702 5643 autolograsas
717 5578 756 5641 M,
778 5578 978 5644 autulogrnphns
991 5576 1020 5627 F
1082 5578 1103 5627 si
1121 5594 1138 5628 a
1156 5594 1196 5629 nre
1215 5578 1282 5643 quod
1300 5584 1359 5628 ante
1377 5593 1511 5643 percurras
1529 5577 1661 5643 exemplar
1673 5577 1815 5629 illommsen
1877 5586 1920 5630 ate
1933 5578 1957 5631 0
1969 5586 1993 5631 et

338 5692 417 5757 (corr.
435 5695 463 5746 in
479 5654 521 5748 :te
539 5696 598 5759 211¹)
617 5696 651 5746 11
716 5714 850 5765 percurras
868 5696 979 5762 MOFP,
996 5714 1158 5765 percurreres
1175 5713 1219 5763 eye
1324 5693 1358 5745 29
1377 5696 1446 5747 enim
1464 5713 1483 5746 s.
1502 5696 1520 5746 t.
1539 5695 1601 5745 aaa
1615 5694 1655 5745 1²¹
1727 5696 1777 5747 biis
1795 5694 1824 5746 F
