4462 6216
795 379 903 441 mama
920 380 955 452 ΙΙ,
980 378 1032 440 XV
1049 383 1065 454 ἕ
1082 383 1100 440 3
1118 411 1151 425 -
1168 382 1221 441 XV
1238 386 1255 456 θ
1271 385 1314 441 21.
1818 385 1880 450 325

237 558 281 624 ei:
313 565 511 626 revertere
534 563 572 622 et
595 565 683 623 esto
710 559 874 624 subdita
900 558 1075 625 dominae
1103 565 1209 641 tuae,
1238 566 1275 624 ut
1297 559 1348 625 his
1370 557 1536 625 laboribus
1560 558 1707 624 omuibus
1730 565 1764 624 et
1785 558 1931 624 bonis12
1961 565 1994 638 G

237 665 389 751 operibus
419 662 529 728 dedita
559 663 666 748 possis
696 684 770 728 esse
804 670 838 729 et
872 665 1119 729 conversatione
1152 664 1300 751 perfecta
1328 671 1362 730 et
1392 665 1597 729 confessione
1630 662 1749 727 devota
1782 668 1816 727 et
1848 663 1881 726 in

239 790 339 854 regno
370 768 471 854 patris
500 767 565 846 tui,
596 765 682 831 illius
711 766 751 832 da
781 788 843 852 quo
871 766 1019 832 dominus
1049 768 1083 831 in
1113 769 1284 853 evangelio
1315 769 1406 834 dicit:
1442 769 1567 833 nolite
1597 766 1709 832 vobis
1737 787 1882 832 vocare

237 879 388 958 patrem
412 891 534 956 super
557 876 713 951 terram,
742 891 842 935 unus
867 871 970 936 enim
993 878 1055 936 est
1077 876 1195 957 pater
1216 878 1364 953 vester,
1393 871 1572 937 seeundum
1595 892 1714 936 nomen
1736 877 1827 935 tuum
1850 871 1882 934 in

197 991 209 1027 ι
237 974 293 1039 illa
314 974 485 1040 beatorum
508 974 604 1039 turba
626 995 706 1039 vera
728 974 900 1061 splendere
924 974 1089 1040 Ceraunia
1111 983 1145 1041 et
1168 976 1319 1042 vocabuli
1342 977 1390 1042 tui
1420 983 1534 1041 auctor
1561 976 1719 1041 existere:
1750 974 1791 1039 de
1819 995 1883 1061 quo
1897 976 1935 1036 13

239 1077 413 1164 splendore
443 1098 576 1162 operum
603 1077 751 1143 dominus
780 1077 872 1143 dicit:
906 1079 965 1143 sie
996 1079 1126 1145 luceat
1152 1079 1221 1144 lux
1248 1087 1381 1145 vestra
1412 1101 1540 1146 eoram
1570 1078 1812 1159 hominibus,
1843 1083 1885 1141 ut

237 1181 395 1246 videant
423 1203 547 1268 opera
571 1188 708 1246 vestra
733 1181 838 1246 bona
867 1188 908 1247 et
935 1182 1212 1267 magnificent
1238 1204 1303 1247 non
1333 1205 1391 1248 vos
1419 1183 1478 1249 sed
1508 1189 1663 1268 patrem
1691 1186 1884 1261 vestrum,

238 1286 303 1371 qui
327 1287 364 1348 in
387 1285 516 1350 caelis
540 1291 617 1364 est,
640 1286 732 1349 cuius
755 1292 806 1351 est
828 1292 862 1350 et
878 1292 920 1350 ¹ut
942 1284 1038 1351 detur
1061 1292 1094 1351 et
1117 1308 1211 1352 omne
1235 1286 1321 1372 quod
1344 1287 1449 1368 datur,
1473 1287 1549 1372 quia
1571 1287 1663 1351 iuxta
1686 1285 1883 1371 apostolum:

238 1410 348 1453 omne
372 1388 505 1453 datum
527 1388 672 1452 bonum
694 1409 714 1452 a
737 1409 892 1453 sursum
914 1389 962 1454 de
981 1394 1093 1476 patre
1109 1390 1301 1454 luminum
1317 1389 1548 1471 descendit,
1572 1411 1669 1477 aquo
1686 1388 1884 1454 etvoluntas

186 1507 211 1546 10
237 1493 391 1557 tribuitur
413 1498 446 1558 et
468 1499 653 1578 praestatur
676 1493 829 1567 effaetum
860 1494 936 1580 quia
965 1493 1168 1579 paenitentia
1195 1515 1260 1558 non
1289 1494 1420 1559 nomine
1448 1500 1574 1559 tantum
1604 1491 1796 1574 obtinenda,
1827 1489 1885 1556 sed

238 1602 313 1661 actu
337 1601 387 1661 est
410 1594 632 1680 exsequenda.
676 1596 878 1682 paenitentia
900 1618 966 1662 non
989 1604 1041 1662 est
1067 1619 1185 1663 nomen
1214 1598 1368 1678 otiosum,
1401 1619 1485 1683 quae
1515 1619 1558 1663 ex
1588 1596 1744 1682 qualitate
1776 1596 1935 1681 operisll

237 1698 386 1787 possidet
409 1698 573 1764 laboriosa
594 1698 798 1765 vocabulum.
844 1700 1019 1765 nonenim
1047 1706 1157 1786 potest
1187 1701 1359 1786 paenitens
1389 1701 1453 1765 diei
1482 1701 1537 1786 qui
1566 1699 1765 1786 paenitenda
1794 1720 1883 1763 eom-

238 1805 347 1885 mittit,
371 1802 430 1867 sed
451 1804 506 1868 ille
529 1803 583 1889 qui
603 1803 780 1889 praeterita
794 1810 932 1890 paccata
947 1804 999 1868 vel
1014 1804 1157 1869 maculas
1173 1804 1355 1869 humilitate
1372 1803 1490 1885 cordis,
1514 1803 1715 1869 subiectione
1731 1802 1884 1887 corporis,

237 1907 396 1972 bonorum
420 1929 554 1993 operum
576 1907 768 1988 sedulitate,
799 1907 992 1972 assiduitate
1016 1909 1214 1989 orationum,
1245 1908 1489 1972 continuatione
1517 1908 1711 1992 gemituum,
1741 1905 1884 1992 pectoris

187 2026 211 2064 ¹⁵
238 2012 447 2092 contusione,
489 2012 697 2077 lacrimarum
734 2011 921 2097 profusione
961 2010 1120 2097 detergit,
1159 2018 1197 2076 ut
1230 2011 1334 2098 possit
1366 2012 1474 2076 dicere
1513 2032 1586 2075 eum
1620 2010 1795 2097 propheta:
1837 2011 1936 2074 ne15

238 2118 479 2182 memineris
514 2117 753 2201 iniquitates
787 2121 940 2180 nostras
979 2114 1178 2201 antiquas,
1218 2116 1328 2200 utique
1366 2136 1431 2180 non
1466 2114 1678 2189 cottidianas3
1720 2119 1753 2178 et
1786 2112 1882 2176 illud:

239 2220 423 2284 laboravi
456 2221 495 2285 in
531 2221 687 2305 gemitu
725 2240 827 2299 meo,
867 2219 1017 2284 lavabo
1057 2240 1126 2305 per
1164 2219 1346 2304 singulas
1384 2226 1526 2285 noctes
1565 2220 1709 2284 lectum
1742 2238 1883 2296 meum,

237 2324 421 2388 lacrimis
445 2325 542 2389 meis
568 2330 733 2389 stratum
756 2344 880 2388 meum
903 2322 1063 2408 rigab03
1094 2323 1284 2387 etiterum:
1309 2323 1508 2408 rugiebam
1531 2342 1552 2386 a
1573 2324 1729 2408 gemitu
1751 2319 1883 2386 cordis

236 2428 333 2501 mei;
364 2428 552 2493 etiterum:
585 2427 767 2512 quoniam
794 2426 1048 2513 iniquitates
1079 2447 1183 2491 meaa
1214 2446 1284 2510 ego
1308 2427 1521 2512 pronuntio
1546 2433 1585 2491 et
1607 2424 1792 2511 cogitabo
1816 2444 1883 2511 pro

185 2544 211 2583 2⁰
237 2539 413 2618 peceato
442 2554 536 2598 meo.
582 2533 646 2597 sint
670 2531 743 2596 ideo
768 2530 821 2594 bic
844 2529 977 2595 crimina
998 2535 1109 2594 nostra
1131 2537 1208 2594 ante
1230 2550 1306 2611 nos,
1337 2536 1373 2594 ut
1400 2537 1512 2597 contra
1538 2550 1597 2595 nos
1626 2530 1660 2594 in
1690 2529 1743 2594 die
1772 2527 1936 2592 iudiciilb
1977 2611 1980 2616 Ι

238 2656 311 2700 esse
335 2657 400 2699 non
423 2636 552 2721 possint
574 2642 608 2701 et
630 2634 711 2700 illud
734 2635 833 2699 etiam
856 2634 909 2698 bie
939 2633 1035 2720 positi
1066 2654 1140 2697 eum
1169 2633 1287 2698 fiducia
1315 2633 1424 2700 dicere
1452 2655 1652 2700 mereamur:
1687 2633 1886 2698 delictum

238 2761 365 2804 meum
397 2761 467 2824 ego
498 2760 687 2824 cognosco
714 2744 754 2804 et
781 2737 1012 2802 iniustitias
1042 2759 1152 2803 meas
1182 2759 1258 2803 non
1288 2739 1440 2824 operui.
1485 2737 1584 2802 dixi:
1614 2735 1885 2825 pronuntiabo

238 2841 433 2908 adversus
466 2864 525 2907 me
560 2849 600 2907 et
631 2842 877 2907 iniustitias
911 2862 1015 2906 meas
1048 2840 1216 2923 domino,
1251 2849 1291 2907 et
1320 2850 1362 2906 tu
1396 2842 1607 2907 remisisti
1636 2841 1886 2926 impietatem

239 2947 380 3011 cordis
403 2948 491 3013 mei.
537 2951 662 3011 eertum
686 2950 753 3026 est,
783 2943 870 3030 quod
891 2945 924 3008 in
948 2950 1103 3029 quantum
1126 2945 1185 3010 tibi
1208 2944 1249 3009 de
1272 2945 1372 3032 priori
1395 2946 1643 3011 conversatione
1667 2943 1884 3030 displicueris,
1899 2946 1937 3005 17

199 3066 210 3103 ⁵
239 3051 421 3114 intantum
453 3049 583 3115 domino
609 3048 770 3135 placebis,
803 3053 836 3112 et
862 3047 896 3111 in
926 3053 1083 3132 quantum
1106 3048 1166 3113 tibi
1189 3049 1370 3136 placueris,
1399 3049 1448 3114 illi
1471 3051 1543 3115 sine
1566 3047 1663 3113 dubio
1685 3046 1884 3133 displicebis,

237 3153 293 3237 qui
316 3151 402 3232 dicit,
426 3153 577 3236 quoniam
601 3151 739 3238 dissipat
761 3171 836 3216 ossa
858 3150 1025 3215 hominum
1040 3150 1100 3216 sibi
1117 3152 1326 3238 placentium.
1365 3157 1398 3218 et
1413 3153 1488 3218 ideo
1505 3159 1671 3238 tamquam
1687 3149 1885 3215 severissimi
1898 3151 1936 3212 18

238 3277 391 3322 censores
423 3256 536 3339 culpas
567 3262 694 3320 nostras
726 3256 759 3319 in
790 3276 849 3319 nos
879 3254 942 3340 ipsi
970 3254 1147 3320 districtius
1176 3255 1393 3337 vindicemus,
1426 3257 1489 3343 ipsi
1519 3257 1615 3323 nobis
1646 3278 1706 3344 per
1737 3254 1884 3319 diversos

236 3360 382 3445 corporis
398 3359 560 3422 cruciatus
576 3358 717 3444 quodam
732 3358 827 3423 modo
851 3364 989 3423 tortores
1013 3359 1194 3423 existamus
1219 3367 1252 3424 et
1274 3359 1411 3439 iudices,
1434 3367 1470 3424 ut
1492 3359 1525 3423 in
1548 3361 1604 3425 illo
1626 3361 1732 3424 iustae
1757 3357 1881 3424 exami-

237 3464 377 3527 nationis
408 3469 555 3548 tempore
587 3484 652 3527 non
680 3461 801 3527 habeat
827 3462 861 3526 in
891 3482 951 3526 nos
978 3461 1065 3547 regis
1102 3464 1284 3544 sententia,
1319 3462 1404 3549 quod
1437 3463 1585 3543 damnet,
1621 3484 1700 3548 quos
1734 3463 1797 3526 iam
1831 3461 1885 3525 hie

186 3581 211 3619 ³⁰
238 3568 455 3652 castigatioris
478 3568 565 3631 vitae
589 3566 762 3653 disciplina
783 3567 973 3641 correxerit,
996 3566 1072 3651 quia
1095 3565 1200 3631 iustus
1224 3572 1257 3630 et
1278 3567 1463 3632 misericors
1486 3566 1587 3632 iudex
1608 3565 1658 3630 bis
1681 3587 1745 3630 non
1762 3564 1936 3630 iudieatl9

236 3671 323 3735 inid
346 3671 462 3756 ipsum,
485 3669 547 3734 hoc
570 3677 632 3752 est,
656 3670 686 3735 ei
711 3691 746 3734 se
770 3669 941 3735 exhibebit
963 3670 1087 3749 mitem,
1110 3690 1206 3755 quem
1226 3671 1386 3737 invenerit
1410 3671 1463 3735 hie
1486 3692 1559 3736 esse
1581 3692 1659 3757 prae
1675 3676 1884 3757 peecatorum

239 3774 459 3839 satisfactione
489 3774 669 3844 crudelem:
700 3773 748 3837 illi
776 3772 967 3858 benignum,
996 3794 1092 3858 quem
1123 3774 1157 3837 in
1188 3774 1248 3838 bac
1276 3774 1342 3838 vita
1373 3774 1435 3838 sibi
1462 3774 1689 3859 recognoverit
1711 3773 1812 3838 fuisse
1836 3772 1885 3836 di·

239 3877 400 3957 strictum,
436 3875 612 3942 secundum
646 3874 727 3940 illud
756 3875 999 3961 evangelicum:
1042 3877 1106 3961 qui
1138 3876 1364 3963 perdiderit
1398 3877 1573 3941 animam
1606 3884 1773 3963 propter
1807 3898 1882 3958 me,

238 3981 424 4045 inveniet
456 3974 637 4053 eam;'vel
660 3978 755 4043 illud:
787 3979 896 4044 beati
925 3979 987 4065 qui
1017 3999 1119 4042 nunc
1150 3980 1316 4064 lugetis,
1347 3981 1435 4066 quia
1464 3980 1659 4047 ridebitis.
1704 3980 1804 4045 breve
1832 3981 1934 4044 estro

186 4098 210 4136 ³⁵
239 4086 326 4149 enim
349 4104 443 4147 omne
467 4083 553 4168 quod
577 4083 609 4146 in
632 4082 693 4146 hoc
722 4080 842 4147 mundo
872 4083 980 4168 agitur
1007 4082 1078 4147 sive
1106 4082 1227 4148 bouum
1258 4085 1327 4149 sive
1358 4085 1494 4166 malum,
1526 4085 1611 4149 sicut
1640 4083 1883 4169 experimentis,

238 4195 274 4252 ut
302 4187 452 4253 dominus
483 4192 540 4250 aut
562 4187 712 4273 permisit
734 4191 791 4250 aut
812 4186 926 4266 voluit,
958 4186 1021 4250 iam
1052 4186 1210 4272 probasti.
1256 4187 1431 4252 etidcirco
1454 4188 1496 4252 ad
1519 4186 1725 4252 sustinendas
1749 4207 1807 4273 pro
1830 4184 1882 4250 dei

240 4313 349 4356 amore
365 4311 533 4376 pressuras
551 4296 738 4355 constantes
760 4309 834 4354 esse
851 4287 1020 4371 debemus,
1035 4290 1111 4373 quia
1132 4289 1224 4356 eiad
1244 4311 1447 4376 vesperum
1463 4292 1731 4358 demorabitur
1748 4290 1884 4369 fletus,

239 4403 276 4459 et
308 4394 352 4458 ad
386 4394 615 4458 matutinum
650 4393 809 4458 laetitia
843 4393 1070 4478 subsequetur.
1124 4395 1233 4480 itaque
1260 4415 1345 4459 nunc
1375 4417 1521 4461 seramus
1550 4396 1583 4461 in
1610 4395 1767 4475 lacrimis,
1797 4391 1883 4478 quod

238 4507 314 4563 tuno
338 4505 498 4562 metamus
514 4499 547 4561 in
563 4497 700 4582 gaudiis.
746 4499 828 4563 baec
844 4518 950 4585 pauca
970 4496 1012 4561 ad
1028 4498 1273 4563 confortandam
1289 4499 1386 4563 fidem
1401 4506 1544 4565 vestram
1566 4522 1624 4587 pro
1647 4497 1882 4565 exhortationis
1894 4498 1931 4559 21

185 4617 211 4655 ⁴0
239 4603 359 4666 solacio
383 4601 470 4666 dieta
493 4602 669 4685 sufficiunt,
700 4623 783 4689 quae
806 4603 883 4667 lieet
905 4602 976 4688 ipse
999 4623 1064 4666 non
1085 4601 1219 4684 faciam,
1249 4608 1359 4667 tamen
1387 4609 1423 4667 ut
1449 4610 1483 4668 et
1504 4622 1563 4668 vos
1586 4605 1690 4689 agatis
1718 4601 1881 4665 exhortor.

340 4863 354 4914 1
374 4861 441 4915 Gen.
455 4859 527 4919 xvl.
542 4861 566 4914 9.
648 4860 666 4913 3
682 4858 782 4912 Mattb.
796 4857 897 4923 XXIII,
909 4860 934 4913 9.
1015 4863 1032 4914 6
1050 4859 1152 4916 Matth.
1162 4859 1196 4926 V,
1209 4861 1249 4916 16.
1331 4862 1348 4914 9
1367 4861 1508 4925 Iac.l,1'l.
1591 4861 1623 4914 15
1642 4861 1684 4914 Ps.
1698 4858 1847 4923 LXXVIII,
1859 4860 1883 4911 8.

239 4950 271 5002 17
291 4948 334 5002 Ps.
348 4946 394 5011 Vl,
413 4948 436 5000 7.
523 4949 557 5001 18
577 4947 618 5000 Ps.
636 4945 775 5007 XXXVII,
794 4945 818 4999 9.
906 4946 939 5000 19
957 4945 1154 5025 Paxxxvn,
1173 4948 1213 5001 19.
1316 4948 1347 5000 21
1368 4947 1412 5001 Ps.
1426 4947 1526 5010 XXXI,
1544 4949 1568 5000 5.
1654 4947 1688 5000 26
1707 4947 1749 4999 Ps.
1762 4945 1840 5009 CXL,
1859 4945 1883 4997 I.

237 5034 271 5087 33
289 5033 390 5087 Matth.
409 5034 442 5098 X,
460 5035 501 5088 39.
588 5034 623 5087 34
641 5032 706 5088 Luc.
720 5030 767 5095 VI,
785 5033 828 5087 21.
914 5033 947 5086 37
966 5032 1011 5086 Ps.
1029 5032 1130 5098 XXIX,
1147 5034 1172 5088 6.
1259 5035 1293 5088 38
1311 5034 1355 5088 Ps.
1374 5034 1481 5099 CXXV,
1498 5037 1523 5089 ἴ).

340 5192 352 5241 l
374 5188 501 5242 reuereG
573 5188 670 5258 uthis]
691 5190 817 5254 Occicim,
842 5197 869 5240 at
885 5190 926 5239 hia
939 5186 965 5239 G
1071 5189 1089 5242 4
1107 5189 1209 5258 nomen]
1228 5193 1281 5242 scil.
1296 5189 1425 5261 κεραιινὶα
1534 5191 1551 5244 5
1569 5188 1670 5245 tubaG
1738 5188 1781 5257 de]
1796 5187 1884 5243 orraG

237 5275 252 5328 Ἰ
277 5276 339 5345 ιιοιι]
365 5297 412 5330 uos
433 5296 501 5329 corr.
519 5274 611 5329 nosG
737 5276 755 5327 8
778 5285 804 5329 et
825 5283 884 5326 ante
906 5282 936 5326 ut
952 5293 974 5325 a.
992 5276 1008 5325 l.
1028 5272 1069 5326 G¹
1195 5276 1212 5328 9
1236 5276 1380 5345 asursum]
1403 5280 1537 5330 desursum
1557 5278 1628 5329 Vul.
1714 5274 1884 5329 discenditG

238 5362 271 5415 12
289 5366 444 5431 paenitentia
457 5361 509 5428 G¹‚
527 5365 676 5431 paenitenda
690 5361 733 5414 G²
822 5362 855 5415 15
872 5359 990 5428 detergit]
1009 5362 1073 5412 ceni.
1088 5363 1214 5429 Carisius,
1231 5365 1327 5431 detegit
1340 5361 1374 5430 G,
1392 5367 1425 5432 cf.
1438 5383 1520 5432 acpra
1531 5384 1560 5431 p.
1572 5369 1628 5428 314,
1641 5367 1658 5416 l.
1671 5368 1705 5416 39
1790 5361 1825 5414 20
1842 5361 1883 5429 ut]

237 5460 263 5502 et
277 5448 310 5516 G,
328 5454 361 5518 ef.
375 5470 457 5517 supra
470 5470 499 5517 p.
511 5455 570 5514 322,
588 5452 606 5502 t.
618 5455 652 5503 37
748 5450 781 5502 21
800 5450 896 5501 fiduci'a
909 5445 936 5499 G
1033 5446 1067 5499 24
1084 5447 1179 5516 cordis]
1196 5453 1293 5518 pacem
1310 5452 1381 5516 Vale.
1445 5452 1646 5504 conuersationis
1660 5447 1686 5501 G
1789 5449 1824 5502 25
1841 5452 1884 5502 illa

236 5556 302 5589 corr.
322 5539 358 5588 illi
373 5534 416 5588 G¹
530 5536 563 5587 28
581 5538 706 5588 cruciatos
720 5533 746 5587 G
814 5531 1011 5601 quodnmodoG
1080 5533 1120 5603 ut]
1138 5537 1296 5602 lm'tjolrcms,
1318 5534 1382 5589 etG
1490 5536 1524 5586 29
1548 5534 1642 5604 regiG
1751 5535 1785 5588 33
1806 5554 1883 5589 auau-

236 5622 332 5687 galium
347 5620 372 5672 G
448 5621 482 5672 35
501 5616 998 5688 exiperimentiscomoxperimentiaG
1078 5619 1306 5691 38subsequetur]
1320 5625 1419 5690 arripiat,
1430 5625 1597 5690 subsequitur
1610 5620 1636 5673 G
1713 5621 1884 5676 39metamus

244 5705 325 5773 Vulq,
340 5709 373 5775 cs.
386 5708 460 5775 infra
469 5726 496 5774 p.
506 5710 562 5771 327,
574 5707 591 5757 l.
604 5709 637 5757 28
739 5704 775 5761 40
791 5704 826 5773 ct]
840 5703 866 5757 G
884 5707 1030 5762 exhortator
1048 5707 1074 5761 G
